3194 5270
804 433 1017 496 ...56-

344 623 507 706 metricas,
531 645 637 710 genus
661 622 801 702 dicendi,
831 623 1050 688 elocutionem
1073 627 1224 686 accurate
1249 621 1498 706 sequerentur,

346 728 500 792 Manilius
532 729 636 793 noluit
667 728 747 792 certi
780 727 879 791 ullius
914 733 1029 812 poetae
1062 731 1172 812 partes
1196 725 1351 810 religiose
1386 729 1499 806 atquc

348 833 445 896 anxie
482 833 589 916 sequi:
626 831 713 916 quod
748 852 821 895 cum
856 829 897 895 de
932 830 1029 896 rebus
1052 831 1195 894 metricis
1223 831 1287 894 iam
1318 829 1500 893 observa-

349 937 432 1000 verit
466 935 502 999 L.
533 934 761 1018 Mueller1),
795 935 828 998 in
864 956 984 1020 genere
1019 931 1148 999 dicendi
1187 941 1235 998 est
1266 934 1498 1017 neglectum

349 1061 422 1103 nam
447 1039 532 1122 quod
555 1038 720 1104 Teuffel
744 1040 789 1102 ait
799 1039 825 1121 ²)
853 1037 1001 1104 redolere
1034 1040 1149 1124 poesin
1172 1038 1299 1102 Manilii
1321 1035 1499 1100 Ovidium

349 1143 392 1228 (e.
408 1166 438 1229 g.
456 1143 509 1207 ΙΙΙ
528 1141 570 1228 1),
594 1144 724 1207 omnino
749 1149 857 1207 autem
880 1142 921 1206 ad
935 1143 1081 1207 Lucretii
1106 1143 1293 1228 exemplum
1304 1140 1501 1205 Manilium

350 1271 422 1314 sese
446 1249 640 1335 applicasse,
663 1269 728 1312 non
750 1254 839 1312 recte
863 1254 913 1312 est
936 1247 1067 1326 dictum,
1092 1247 1356 1332 cumVergilium
1372 1247 1498 1309 multo

349 1353 478 1439 saepius
502 1353 646 1416 imitatus
670 1353 711 1416 sit
735 1375 829 1438 quam
852 1354 1050 1418 Lucretium.

434 1455 695 1521 Consentaneum
732 1463 782 1522 est
805 1457 973 1522 Manilium
1007 1459 1156 1544 vestigiis
1191 1480 1303 1523 eorum
1334 1457 1497 1520 maxime

348 1560 508 1624 institisse
542 1566 727 1644 poetarum,
773 1561 826 1644 qui
870 1562 1009 1626 similem
1046 1562 1215 1626 materiam
1247 1565 1496 1637 tractaverant,

347 1663 502 1741 Lucretii,
525 1663 663 1748 Vergilii
696 1664 729 1726 in
763 1664 886 1749 eologis
921 1671 953 1730 et
976 1667 1150 1751 georgicis,
1185 1664 1295 1728 Ovidii
1318 1666 1351 1728 in
1372 1669 1495 1728 meta-

350 1765 567 1849 morphoseon
589 1767 680 1830 libris
702 1772 735 1830 01
751 1764 798 1849 (in
813 1767 896 1831 libro
914 1768 1038 1852 quinto)
1062 1769 1095 1831 in
1112 1769 1224 1843 fastis;
1248 1789 1353 1854 neque
1367 1772 1495 1830 tamen

350 1867 466 1932 desunt
501 1871 669 1955 exempla,
707 1870 824 1955 quibus
858 1870 1026 1957 probabile
1058 1873 1114 1935 fiat
1147 1893 1245 1936 nosse
1277 1892 1351 1935 curn
1379 1870 1494 1934 etiam

350 1979 460 2036 cetera
492 1972 632 2058 Vergilii
670 1980 702 2037 et
738 1972 847 2038 Ovidii
889 1975 1048 2062 carmina,
1086 1974 1268 2054 Catullum,
1303 1973 1491 2052 Tibullum,

347 2075 563 2161 Propertium,
575 2076 792 2159 Horatium3),
812 2077 933 2141 Culicis
950 2085 1126 2158 auctorem,
1138 2078 1275 2154 similem
1292 2079 1337 2141 ita
1350 2083 1483 2155 tamen,

330 2184 384 2243 *ut
417 2200 483 2242 non
514 2187 580 2243 tam
617 2181 823 2254 hemistichia
855 2202 950 2264 quam
977 2182 1114 2268 phrases
1139 2188 1171 2246 et
1194 2181 1340 2268 epitheta
1362 2181 1402 2244 ab
1429 2181 1489 2243 his

348 2281 553 2368 depromeret
577 2287 631 2348 vel
653 2277 761 2372 potius
785 2287 968 2351 communia
991 2307 1064 2351 cum
1091 2286 1142 2349 his
1166 2285 1313 2351 haberet.

436 2388 604 2453 Ciceronis
617 2389 750 2454 Arateis
766 2389 920 2455 Manilius
943 2412 1022 2454 usus
1045 2412 1111 2455 non
1133 2389 1262 2454 videtur
1285 2411 1376 2464 essc3
1400 2410 1488 2452 sane

348 2500 478 2580 praeter
493 2495 628 2580 phrases
655 2502 688 2560 et
711 2496 858 2582 epitheta
877 2497 910 2560 in
924 2496 1091 2572 Ciceronis
1109 2495 1251 2560 carmine
1267 2493 1487 2572 occurrentia,

349 2621 430 2683 quae
460 2601 558 2664 etiarn
588 2600 673 2686 apud
706 2602 788 2664 alios
820 2607 935 2686 poetas
966 2602 1120 2688 leguntur
1143 2608 1176 2666 ct
1199 2621 1282 2686 quae
1305 2599 1389 2664 inira
1412 2599 1486 2662 suis

348 2705 429 2767 locis
453 2703 596 2784 afferam,
623 2705 680 2766 vix
701 2725 801 2768 unum
824 2726 954 2769 versum
977 2706 1138 2787 invenias,
1175 2705 1324 2790 quicum
1348 2703 1485 2767 Arateis

350 2807 542 2886 consentiat,
568 2808 715 2892 exceptis
740 2809 867 2873 scilicet
891 2810 937 2872 eis
960 2810 1119 2890 versibus,
1143 2808 1176 2872 in
1192 2809 1309 2893 quibus
1327 2807 1367 2872 ob
1384 2828 1484 2890 argu·
1583 2852 1584 2873 1

349 2911 451 2974 menti
475 2909 719 2975 similitudinem
739 2932 918 2976 consensus
934 2912 1108 2997 flagitatur.
1137 2911 1230 2975 Unus
1255 2917 1346 2975 extat
1367 2931 1484 2974 versus

349 3011 557 3092 Manilianus,
588 3034 684 3098 quem
708 3015 816 3100 aliqua
837 3015 1078 3101 probabilitatis
1109 3016 1219 3102 specie
1248 3014 1289 3078 ad
1312 3012 1484 3078 Ciceronis

352 3115 475 3180 Aratea
491 3116 613 3182 referre
629 3117 747 3202 possis,
760 3119 846 3182 Man.
860 3119 877 3182 I
893 3121 972 3182 319:
996 3119 1047 3182 At
1066 3121 1178 3198 porta
1205 3139 1248 3181 ca
1269 3117 1355 3182 0110
1377 3116 1484 3181 claro

350 3219 456 3282 volat
467 3219 537 3283 orbe
548 3220 678 3296 Corona,
693 3222 746 3307 qui
756 3222 917 3286 consentit
927 3243 999 3286 oum
1008 3222 1201 3287 versuArat.
1214 3223 1274 3284 367
1285 3243 1291 3284 :
1304 3220 1355 3283 At
1365 3223 1485 3299 parte

350 3343 395 3386 ca
417 3321 506 3386 olio
529 3323 653 3387 claris
676 3344 743 3388 cam
766 3325 886 3389 lacibus
908 3329 981 3389 caol
997 3323 1103 3389 Orion.
1150 3324 1215 3389 Sed
1237 3346 1314 3388 num
1327 3321 1484 3387 Manilius

352 3447 485 3490 versum
508 3449 527 3490 a
551 3426 708 3491 Cicerone
732 3433 898 3493 mutuatus
924 3430 975 3510 sit,
998 3429 1093 3493 valde
1117 3428 1248 3508 dubito,
1287 3448 1359 3491 oum
1383 3427 1484 3490 etiam
1583 3475 1584 3502 ,

354 3528 441 3615 apud
464 3529 627 3594 Catullum
651 3530 716 3616 (64,
741 3535 816 3615 251)
841 3532 1025 3596 simillimus
1048 3533 1239 3596 hexameter
1261 3531 1406 3616 legatur:
1429 3530 1485 3594 At

349 3637 462 3714 parte
484 3655 527 3697 ca
549 3635 634 3698 ola'a
654 3635 769 3715 floreas
790 3636 984 3700 volitabat
1005 3634 1148 3700 Iacchus,

436 3753 555 3818 Paucis
579 3755 640 3819 hoo
665 3757 737 3820 loco
762 3755 932 3836 disseram,
958 3776 1021 3841 qua
1043 3756 1168 3819 ratione
1191 3755 1344 3819 Manilius
1367 3761 1483 3840 poetas

356 3858 500 3921 imitatus
536 3858 586 3922 sit.
634 3858 715 3923 Cum
749 3861 836 3946 apud
870 3860 951 3924 alios
985 3865 1100 3946 poetas
1131 3865 1200 3922 tum
1222 3858 1307 3944 apud
1331 3857 1485 3922 Ovidium

353 3961 492 4048 plurima
533 3962 723 4026 imitationis
769 3965 922 4049 exempla
963 3965 997 4027 in
1039 3964 1086 4027 eis
1124 3963 1299 4026 carminum
1337 3963 1483 4048 partibus
1583 4049 1584 4060 ἵ

356 4210 361 4220 “
423 4204 443 4272 ¹)
464 4203 490 4256 d.
513 4222 535 4256 r.
557 4221 594 4257 m.
616 4221 643 4272 p.
662 4204 720 4257 136.
741 4206 751 4271 ΙΙ
774 4206 794 4272 ²)
816 4203 880 4258 hist.
903 4204 1057 4258 1111110111.
1078 4207 1133 4273 ³p.
1152 4205 1211 4258 541.
1233 4207 1244 4273 l)
1267 4207 1287 4272 ³)
1311 4204 1344 4258 cf.
1367 4203 1484 4258 Freicr

353 4289 371 4344 l.
389 4289 408 4344 1.
426 4307 454 4359 p.
472 4291 514 4357 21,
533 4290 581 4358 qui
600 4290 719 4343 adnotat
737 4290 827 4344 multa
838 4291 986 4344 Manilium
1003 4291 1068 4344 inde
1087 4308 1104 4343 a
1122 4291 1134 4344 Ι
1153 4291 1203 4345 102
1222 4308 1309 4359 usquc
1327 4291 1363 4344 ad
1380 4309 1420 4346 vs.
1431 4291 1482 4344 804

353 4377 388 4432 ab
407 4377 503 4429 Horat.
522 4393 604 4429 carm.
623 4377 634 4428 1
654 4376 688 4428 12
706 4377 865 4430 mutuatum
884 4394 949 4432 esse.
