3208 5276
823 389 1013 489 qr-
1100 443 1102 446 -

356 615 510 684 Ovidium
526 625 559 684 et
579 626 706 684 ceteros
722 625 837 705 poetas
853 617 1030 696 Romanos,
1054 636 1135 701 quos
1153 611 1296 697 Augusti
1313 618 1346 676 et
1359 610 1495 675 Tiberii

357 724 526 788 saeculum
548 724 638 805 tul'u,
663 723 852 808 exemplum
875 729 1023 786 secutum
1046 741 1121 784 esse
1144 725 1331 805 poetarum,
1355 715 1411 801 qui
1434 720 1499 778 aut

357 834 434 892 ante
447 829 553 914 ipsum
568 828 720 891 vixerunt
737 833 794 890 aut
804 825 945 910 Augusti
954 824 1120 888 Tiberiive
1133 822 1287 908 aequales
1296 820 1440 898 fuerunt,
1452 855 1496 862 —

358 939 489 1019 poetam
505 931 592 996 enim
608 928 742 995 Tiberio
758 951 854 1016 quam
869 929 1020 1014 Augusto
1039 929 1219 1013 imperante
1237 945 1370 990 carmen
1384 929 1497 986 astro-

358 1035 523 1100 nomicum
547 1034 769 1121 composuisse
794 1034 891 1119 paulo
915 1031 1126 1096 verisimilius
1150 1028 1249 1114 estl).
1301 1027 1392 1101 Quae
1416 1025 1497 1089 imi-

359 1138 491 1202 tationis
522 1137 676 1222 exempla
712 1137 747 1200 in
781 1144 874 1223 parte
905 1135 1001 1199 huius
1031 1134 1137 1199 libelli
1170 1139 1336 1220 postrema
1367 1128 1498 1216 publici

359 1242 439 1305 iuris
462 1241 571 1306 facere
588 1240 729 1320 decrevi,
754 1261 828 1304 cum
843 1239 1037 1326 praesertim
1053 1238 1198 1303 viderem
1214 1236 1304 1301 nulla
1324 1235 1394 1299 fere
1417 1232 1497 1296 imi-

360 1345 493 1409 tationis
518 1345 670 1430 exempla
692 1343 733 1408 ab
757 1344 816 1425 eis,
839 1344 894 1429 qui
909 1342 1036 1407 Manilii
1057 1362 1188 1406 carmen
1211 1339 1393 1418 ediderunt,
1417 1357 1496 1400 esse

361 1455 624 1529 commemorata,
648 1448 726 1533 quin
749 1448 848 1512 etiam
858 1446 913 1510 W.
936 1446 1156 1511 Ribbeekium
1178 1445 1212 1508 in
1235 1442 1388 1508 editionis
1407 1440 1496 1504 Ver-

361 1549 504 1633 gilianae
527 1549 659 1613 criticae
682 1570 701 1612 a
723 1547 822 1612 fratre
846 1555 977 1612 curatae
1000 1547 1162 1633 prioribus
1186 1544 1290 1610 tribus
1319 1542 1496 1607 volumini-

361 1657 424 1720 bus
447 1677 629 1741 perpaucos
653 1675 767 1720 versus
790 1653 985 1718 Manilianos
1008 1652 1176 1732 attulisse,
1206 1671 1325 1735 magno
1356 1669 1496 1712 numero

362 1782 518 1826 versuum
539 1761 592 1825 vel
615 1761 756 1824 maxime
780 1758 965 1844 dignorum,
994 1757 1050 1842 qui
1072 1755 1294 1836 adferrentur,
1324 1754 1445 1818 omisso
1455 1751 1495 1838 ²).

434 1933 454 2000 ¹)
474 1931 507 1985 cf.
526 1929 733 1984 Bertholdus
752 1927 884 1992 Freier,
913 1928 947 1982 110
965 1928 1000 1982 M.
1018 1925 1127 1981 Manilii
1154 1943 1225 1995 quae
1248 1924 1377 1979 feruntur
1400 1924 1497 1977 Astro-

363 2017 492 2072 nomicon
510 2019 612 2084 aetate,
631 2015 783 2085 Gottingae
802 2015 877 2069 1880.
906 2016 918 2081 ΙΙ
948 2016 970 2083 ²)
984 2014 1122 2079 Quattuor
1139 2012 1243 2082 priores
1262 2010 1392 2069 carminis
1409 2010 1496 2063 libros

365 2104 388 2157 si
406 2104 468 2172 quis
480 2104 589 2158 Freiero
607 2103 760 2171 obloquens
778 2101 930 2156 contendat
946 2084 1116 2170 'conscriptos
1129 2116 1187 2154 esse
1201 2101 1264 2169 post
1276 2115 1381 2152 annum
1392 2117 1419 2167 p.
1434 2097 1496 2152 (lbr.

363 2208 391 2244 n.
409 2190 448 2244 IX
467 2192 496 2243 et
513 2193 579 2244 ante
590 2188 712 2259 Augusti
727 2191 852 2250 mortem,
870 2187 893 2240 is
906 2204 962 2241 non
973 2187 1116 2241 refellatur
1129 2185 1407 2254 imitationibus,
1427 2202 1496 2253 quas

365 2279 449 2345 poeta
468 2292 501 2329 ex
520 2275 689 2330 carnunibus
709 2274 745 2328 ab
769 2273 869 2329 Ovidio
888 2273 987 2327 Tomos
1015 2274 1098 2341 (anno
1124 2291 1151 2342 p.
1170 2273 1231 2328 Chr.
1253 2291 1281 2326 n.
1300 2272 1349 2340 IX)
1371 2273 1496 2341 relegato

365 2362 396 2415 in
413 2361 497 2417 exilio
507 2363 634 2427 conditis,
652 2361 746 2416 tristia
763 2361 825 2415 dico
844 2362 872 2414 01
890 2359 1021 2430 epistolas
1038 2377 1071 2414 ex
1083 2361 1181 2424 Ponto,
1199 2359 1399 2430 deprompsisse
1412 2357 1497 2413 alicui

364 2449 512 2503 videbitur.
549 2449 682 2503 Tristium
700 2448 773 2502 enim
792 2447 877 2501 libros
895 2445 1020 2516 singulos
1032 2446 1149 2499 Romam
1165 2446 1262 2500 missos
1281 2461 1339 2500 esse
1351 2445 1404 2499 viri
1421 2426 1497 2498 ddcti

365 2535 551 2590 consentiunt.
592 2536 691 2604 Itaque
710 2553 773 2589 cum
790 2533 907 2587 dubium
924 2531 971 2586 vix
989 2532 1041 2596 sit,
1066 2525 1135 2599 quin
1152 2531 1272 2586 Nasonis
1295 2531 1402 2601 elegiae
1427 2531 1496 2586 cele-

365 2622 434 2676 riter
451 2623 555 2675 Itomae
573 2621 735 2690 divulgatae
753 2621 823 2684 sint,
841 2637 859 2673 a
876 2618 1136 2673 verisimilitudine
1161 2637 1217 2673 non
1241 2619 1389 2673 abhorreat
1412 2618 1496 2672 etiam

365 2707 526 2771 Manilium,
550 2706 600 2775 qni
616 2706 666 2760 illo
688 2705 749 2777 ipso
768 2708 893 2775 tempore
911 2704 1026 2759 carmini
1045 2706 1216 2760 contexendo
1239 2722 1352 2775 operam
1372 2707 1495 2769 navaret,

366 2793 431 2847 inde
450 2793 587 2861 quaedam
612 2794 772 2845 mutuatum
794 2808 859 2846 esse.
904 2791 990 2845 Velut
1015 2809 1124 2846 versum
1150 2810 1167 2846 a
1188 2792 1305 2846 Manilio
1331 2792 1365 2846 110
1389 2792 1496 2862 Orpheo

367 2879 579 2949 pronuntiatum
604 2879 686 2932 1329
714 2879 803 2931 Tuae
830 2877 937 2931 silvas
966 2884 994 2932 et
1019 2895 1106 2932 acac
1130 2879 1284 2943 trabeae,
1312 2895 1384 2932 nanc
1405 2879 1496 2932 sidera

367 2965 443 3020 ducit
460 2965 484 3019 si
502 2983 565 3020 cum
581 2982 662 3019 versu
680 2965 751 3019 trist.
768 2964 807 3018 IV
820 2966 844 3030 1,
864 2965 895 3017 17
905 2983 944 3033 sq.
966 2966 1032 3018 Cura
1050 2966 1200 3020 traheret
1218 2965 1328 3020 1111000
1348 2966 1495 3036 Orpheae

368 3059 398 3107 et
416 3053 488 3106 dara
506 3051 628 3106 0011011110
641 3053 732 3106 Scau
751 3051 961 3120 comparaveris,
978 3051 1126 3106 Manilium
1143 3070 1193 3106 sua
1211 3069 1244 3106 011
1263 3051 1357 3106 Ovidii
1374 3052 1495 3106 versibus

367 3139 500 3210 petivisse
518 3138 708 3208 suspicaberis.
744 3138 821 3192 Idem
838 3154 933 3192 versus
951 3141 1115 3208 argumento
1136 3139 1204 3194 adeo
1223 3140 1312 3209 possit
1335 3157 1393 3194 0000
1414 3138 1496 3209 primi

368 3225 434 3279 libri
452 3224 600 3278 Maniliani
617 3223 731 3288 initium
755 3241 828 3278 auno
851 3224 904 3277 XII
930 3225 1024 3278 fictum
1048 3242 1118 3291 esse,
1146 3244 1209 3280 cum
1233 3226 1357 3280 tristium
1378 3226 1443 3280 libri
1459 3225 1495 3280 IV

370 3311 493 3366 carmina
519 3311 549 3364 in
575 3311 681 3366 recenti
707 3315 807 3381 poetae
830 3311 965 3366 memoria
991 3315 1094 3376 essent;
1121 3312 1192 3367 liber
1219 3314 1294 3367 enim
1320 3313 1443 3367 tristium
1460 3313 1496 3367 IV

370 3417 444 3453 anno
462 3399 502 3452 XI
519 3402 548 3453 01
564 3399 656 3469 priore
674 3398 741 3452 anni
755 3399 808 3452 XII
825 3401 905 3468 parte
924 3398 1091 3468 compositus
1110 3399 1231 3454 eiusdem
1250 3401 1317 3454 anni
1329 3401 1382 3454 XII
1394 3403 1496 3456 aestate

370 3485 415 3538 vel
432 3487 583 3539 auctumno
601 3485 719 3539 Romam
736 3484 847 3538 videtur
865 3484 988 3554 perlatus
1006 3501 1072 3539 esse.

441 3572 500 3626 Nec
517 3571 631 3626 minoris
653 3588 704 3626 1100
729 3570 842 3625 maioris
861 3571 1002 3625 momenti·
1023 3574 1065 3625 est
1089 3571 1210 3626 imitatio
1232 3571 1279 3626 illa
1309 3589 1393 3640 quam
1415 3589 1496 3643 sagax

371 3675 455 3712 nasus
481 3657 673 3727 deprehendat
695 3657 726 3711 in
743 3656 854 3711 Manilii
878 3657 950 3711 libro
969 3657 1008 3711 IV
1026 3658 1075 3712 60:
1099 3661 1167 3712 1010
1191 3661 1346 3727 spectante
1364 3667 1495 3724 00110111,

372 3743 417 3799 eui
444 3743 593 3813 respondet
611 3743 705 3799 Ovidii
727 3761 761 3798 011
785 3745 866 3798 Pont.
893 3743 932 3797 IV
949 3745 978 3808 4,
996 3745 1043 3798 41:
1070 3744 1141 3798 Iade
1167 3744 1273 3798 domam
1298 3752 1404 3814 repetes
1428 3752 1496 3800 1010

372 3829 539 3884 comitante
564 3837 685 3885 senata.
731 3830 848 3885 Carmen
875 3847 908 3884 cx
936 3830 1026 3884 Ponto
1043 3830 1082 3884 IV
1099 3831 1117 3884 4
1136 3830 1251 3885 Ovidius
1275 3831 1412 3896 condidit,
1439 3850 1495 3888 cum

372 3915 551 3985 comperisset
569 3915 630 3970 Sex.
649 3916 814 3986 Pompeium
831 3916 1008 3986 designatum
1031 3933 1088 3970 esse
1106 3917 1246 3971 consulem
1264 3918 1331 3972 anni
1348 3936 1375 3987 p.
1395 3918 1454 3972 Chr.
1471 3936 1494 3970 n.

373 4002 450 4066 XIV;
469 4001 552 4055 simul
568 4019 662 4056 versus
679 4003 714 4056 24
732 4003 830 4056 doceat
848 4018 958 4056 carmen
976 4018 1049 4056 anno
1067 4003 1134 4056 XIII
1152 4003 1335 4073 compositum
1353 4021 1424 4069 0000,
1446 4021 1495 4058 non

373 4106 447 4142 anno
465 4089 631 4158 insequenti,
650 4108 713 4143 cum
730 4089 879 4159 Pompeius
897 4091 1042 4145 consulatu
1059 4090 1117 4144 iam
1134 4091 1304 4161 fungeretur.
1321 4143 1324 4154 ,
1346 4092 1414 4147 (lum
1431 4092 1495 4144 nihil

374 4174 412 4228 sit
429 4175 503 4243 quod
522 4175 625 4241 obstet,
648 4175 796 4245 quominus
814 4175 867 4230 tibi
890 4177 1056 4246 persuadeas
1080 4176 1173 4231 Ovidii
1198 4195 1307 4232 carmen
1332 4179 1417 4248 paulo
1439 4181 1496 4248 post

374 4279 460 4330 quam
487 4262 630 4316 conditum
655 4262 692 4316 sit
714 4263 831 4317 Romam
861 4264 975 4318 missum
1002 4281 1070 4329 esse,
1102 4264 1160 4319 sive
1188 4265 1224 4318 ad
1251 4283 1325 4331 eum,
1355 4266 1392 4319 ad
1422 4283 1496 4334 quem

375 4349 509 4418 scriptum
528 4351 600 4413 erat,
624 4348 682 4402 sive
705 4349 741 4402 ad
760 4349 854 4404 Ovidii
876 4350 992 4416 amieos,
1014 4350 1169 4421 suspicetur
1187 4352 1290 4421 aliquis
1307 4351 1418 4405 Manilii
1435 4370 1496 4407 vers.
