<?xml version="1.0" encoding="UTF-8"?>
<!DOCTYPE html PUBLIC "-//W3C//DTD XHTML 1.0 Transitional//EN"
    "http://www.w3.org/TR/xhtml1/DTD/xhtml1-transitional.dtd">
<html xmlns="http://www.w3.org/1999/xhtml" xml:lang="en" lang="en">
 <head>
  <title>
</title>
<meta http-equiv="Content-Type" content="text/html;charset=utf-8" />
  <meta name='ocr-system' content='tesseract 3.04.00' />
  <meta name='ocr-capabilities' content='ocr_page ocr_carea ocr_par ocr_line ocrx_word'/>
</head>
<body>
  <div class='ocr_page' id='page_1' title='image "./demaniliiquidic00cramgoog_0010.png"; bbox 0 0 3208 5276; ppageno 0'>
   <div class='ocr_carea' id='block_1_1' title="bbox 597 481 784 544">
    <p class='ocr_par' dir='ltr' id='par_1_1' title="bbox 597 481 784 544">
     <span class='ocr_line' id='line_1_1' title="bbox 597 481 784 544; baseline 0 -16"><span class='ocrx_word' id='word_1_1' title='bbox 597 481 784 544; x_wconf 52' lang='grc' dir='ltr'>..5.δ</span> 
     </span>
    </p>
   </div>
   <div class='ocr_carea' id='block_1_2' title="bbox 116 666 1250 965">
    <p class='ocr_par' dir='ltr' id='par_1_2' title="bbox 116 666 1250 965">
     <span class='ocr_line' id='line_1_2' title="bbox 116 666 1250 759; baseline -0.002 -25"><span class='ocrx_word' id='word_1_2' title='bbox 116 670 245 745; x_wconf 81' lang='lat' dir='ltr'>Quibus</span> <span class='ocrx_word' id='word_1_3' title='bbox 270 671 385 736; x_wconf 89' lang='lat' dir='ltr'>studiis</span> <span class='ocrx_word' id='word_1_4' title='bbox 409 693 481 736; x_wconf 89' lang='lat' dir='ltr'>cum</span> <span class='ocrx_word' id='word_1_5' title='bbox 505 693 639 759; x_wconf 82' lang='lat' dir='ltr'><strong>operam</strong></span> <span class='ocrx_word' id='word_1_6' title='bbox 662 692 831 750; x_wconf 86' lang='lat' dir='ltr'>navarem,</span> <span class='ocrx_word' id='word_1_7' title='bbox 861 668 957 734; x_wconf 85' lang='lat' dir='ltr'>facile</span> <span class='ocrx_word' id='word_1_8' title='bbox 987 666 1144 734; x_wconf 90' lang='lat' dir='ltr'>adductus</span> <span class='ocrx_word' id='word_1_9' title='bbox 1169 689 1250 751; x_wconf 87' lang='lat' dir='ltr'>sum,</span> 
     </span>
     <span class='ocr_line' id='line_1_3' title="bbox 116 771 1250 860; baseline -0.004 -20"><span class='ocrx_word' id='word_1_10' title='bbox 116 783 154 840; x_wconf 90' lang='lat' dir='ltr'>ut</span> <span class='ocrx_word' id='word_1_11' title='bbox 178 776 276 840; x_wconf 91' lang='lat' dir='ltr'>etiam</span> <span class='ocrx_word' id='word_1_12' title='bbox 308 797 361 840; x_wconf 87' lang='lat' dir='ltr'>res</span> <span class='ocrx_word' id='word_1_13' title='bbox 389 776 548 840; x_wconf 86' lang='lat' dir='ltr'>metricas·</span> <span class='ocrx_word' id='word_1_14' title='bbox 573 782 606 840; x_wconf 91' lang='lat' dir='ltr'>et</span> <span class='ocrx_word' id='word_1_15' title='bbox 634 775 852 840; x_wconf 91' lang='lat' dir='ltr'>elocutionem</span> <span class='ocrx_word' id='word_1_16' title='bbox 864 771 888 857; x_wconf 87' lang='lat'>¹)</span> <span class='ocrx_word' id='word_1_17' title='bbox 917 780 1036 860; x_wconf 91' lang='lat' dir='ltr'>poetae</span> <span class='ocrx_word' id='word_1_18' title='bbox 1066 773 1250 838; x_wconf 80' lang='lat' dir='ltr'>accuratius</span> 
     </span>
     <span class='ocr_line' id='line_1_4' title="bbox 122 876 1250 965; baseline -0.003 -22"><span class='ocrx_word' id='word_1_19' title='bbox 122 880 355 944; x_wconf 79' lang='lat' dir='ltr'>examinarem.</span> <span class='ocrx_word' id='word_1_20' title='bbox 400 879 515 965; x_wconf 85' lang='lat' dir='ltr'>Neque</span> <span class='ocrx_word' id='word_1_21' title='bbox 540 881 628 944; x_wconf 91' lang='lat' dir='ltr'>enim</span> <span class='ocrx_word' id='word_1_22' title='bbox 651 879 691 944; x_wconf 92' lang='lat' dir='ltr'>de</span> <span class='ocrx_word' id='word_1_23' title='bbox 716 879 858 943; x_wconf 79' lang='lat' dir='ltr'>carmine</span> <span class='ocrx_word' id='word_1_24' title='bbox 880 877 951 963; x_wconf 92' lang='lat' dir='ltr'>ipso</span> <span class='ocrx_word' id='word_1_25' title='bbox 975 884 1064 943; x_wconf 89' lang='lat' dir='ltr'>recte</span> <span class='ocrx_word' id='word_1_26' title='bbox 1087 876 1250 941; x_wconf 88' lang='lat' dir='ltr'>iudicasse</span> 
     </span>
    </p>
   </div>
   <div class='ocr_carea' id='block_1_3' title="bbox 116 1047 1252 4502">
    <p class='ocr_par' dir='ltr' id='par_1_3' title="bbox 116 1047 1251 1193">
     <span class='ocr_line' id='line_1_5' title="bbox 116 1047 1251 1118; baseline -0.003 -14"><span class='ocrx_word' id='word_1_27' title='bbox 116 1051 157 1104; x_wconf 92' lang='lat' dir='ltr'>IV</span> <span class='ocrx_word' id='word_1_28' title='bbox 175 1051 210 1104; x_wconf 84' lang='lat'>60</span> <span class='ocrx_word' id='word_1_29' title='bbox 234 1050 284 1104; x_wconf 91' lang='lat' dir='ltr'>sub</span> <span class='ocrx_word' id='word_1_30' title='bbox 308 1051 390 1106; x_wconf 90' lang='lat' dir='ltr'>finem</span> <span class='ocrx_word' id='word_1_31' title='bbox 415 1050 482 1104; x_wconf 84' lang='lat' dir='ltr'>anni</span> <span class='ocrx_word' id='word_1_32' title='bbox 503 1051 570 1105; x_wconf 90' lang='lat' dir='ltr'>XIII</span> <span class='ocrx_word' id='word_1_33' title='bbox 592 1054 641 1106; x_wconf 90' lang='lat' dir='ltr'>ant</span> <span class='ocrx_word' id='word_1_34' title='bbox 667 1051 759 1105; x_wconf 91' lang='lat' dir='ltr'>hieme</span> <span class='ocrx_word' id='word_1_35' title='bbox 785 1051 831 1104; x_wconf 88' lang='lat' dir='ltr'>vel</span> <span class='ocrx_word' id='word_1_36' title='bbox 856 1065 920 1103; x_wconf 89' lang='lat' dir='ltr'>vere</span> <span class='ocrx_word' id='word_1_37' title='bbox 943 1049 1011 1103; x_wconf 87' lang='lat' dir='ltr'>anni</span> <span class='ocrx_word' id='word_1_38' title='bbox 1028 1049 1093 1104; x_wconf 86' lang='lat' dir='ltr'>XIV</span> <span class='ocrx_word' id='word_1_39' title='bbox 1118 1047 1251 1118; x_wconf 88' lang='lat' dir='ltr'>composi-</span> 
     </span>
     <span class='ocr_line' id='line_1_6' title="bbox 119 1142 265 1193; baseline 0 -1"><span class='ocrx_word' id='word_1_40' title='bbox 119 1142 182 1192; x_wconf 91' lang='lat' dir='ltr'>tum</span> <span class='ocrx_word' id='word_1_41' title='bbox 199 1155 265 1193; x_wconf 89' lang='lat' dir='ltr'>esse.</span> 
     </span>
    </p>

    <p class='ocr_par' dir='ltr' id='par_1_4' title="bbox 116 1215 1252 4066">
     <span class='ocr_line' id='line_1_7' title="bbox 188 1215 1251 1294; baseline -0.005 -14"><span class='ocrx_word' id='word_1_42' title='bbox 188 1227 255 1280; x_wconf 83' lang='lat' dir='ltr'>Tres</span> <span class='ocrx_word' id='word_1_43' title='bbox 273 1228 380 1280; x_wconf 88' lang='lat' dir='ltr'>restant</span> <span class='ocrx_word' id='word_1_44' title='bbox 398 1225 452 1280; x_wconf 93' lang='lat' dir='ltr'>loci</span> <span class='ocrx_word' id='word_1_45' title='bbox 464 1215 621 1289; x_wconf 76' lang='lat' dir='ltr'>Mamiliam,</span> <span class='ocrx_word' id='word_1_46' title='bbox 639 1223 688 1294; x_wconf 91' lang='lat' dir='ltr'>qui</span> <span class='ocrx_word' id='word_1_47' title='bbox 705 1223 820 1278; x_wconf 88' lang='lat' dir='ltr'>minoris</span> <span class='ocrx_word' id='word_1_48' title='bbox 832 1224 877 1277; x_wconf 88' lang='lat' dir='ltr'>vel</span> <span class='ocrx_word' id='word_1_49' title='bbox 894 1239 983 1293; x_wconf 91' lang='lat' dir='ltr'>paene</span> <span class='ocrx_word' id='word_1_50' title='bbox 1000 1221 1104 1276; x_wconf 88' lang='lat' dir='ltr'>nullius</span> <span class='ocrx_word' id='word_1_51' title='bbox 1119 1220 1251 1276; x_wconf 77' lang='lat' dir='ltr'>momenti</span> 
     </span>
     <span class='ocr_line' id='line_1_8' title="bbox 118 1311 1252 1384; baseline -0.005 -16"><span class='ocrx_word' id='word_1_52' title='bbox 118 1316 194 1368; x_wconf 83' lang='lat' dir='ltr'>eunt.</span> <span class='ocrx_word' id='word_1_53' title='bbox 220 1314 381 1384; x_wconf 78' lang='lat' dir='ltr'>Respondet</span> <span class='ocrx_word' id='word_1_54' title='bbox 398 1313 472 1368; x_wconf 91' lang='lat' dir='ltr'>enim</span> <span class='ocrx_word' id='word_1_55' title='bbox 486 1330 580 1367; x_wconf 89' lang='lat' dir='ltr'>versus</span> <span class='ocrx_word' id='word_1_56' title='bbox 589 1312 759 1366; x_wconf 88' lang='lat' dir='ltr'>Manilianas</span> <span class='ocrx_word' id='word_1_57' title='bbox 771 1312 846 1366; x_wconf 84' lang='lat'>1410</span> <span class='ocrx_word' id='word_1_58' title='bbox 855 1330 895 1380; x_wconf 91' lang='lat' dir='ltr'>sq.</span> <span class='ocrx_word' id='word_1_59' title='bbox 907 1341 942 1350; x_wconf 86' lang='lat'>——</span> <span class='ocrx_word' id='word_1_60' title='bbox 960 1327 1008 1364; x_wconf 89' lang='lat' dir='ltr'>nec</span> <span class='ocrx_word' id='word_1_61' title='bbox 1025 1311 1128 1365; x_wconf 79' lang='lat' dir='ltr'>clarius</span> <span class='ocrx_word' id='word_1_62' title='bbox 1145 1315 1252 1364; x_wconf 81' lang='lat' dir='ltr'>astrum</span> 
     </span>
     <span class='ocr_line' id='line_1_9' title="bbox 122 1396 1251 1469; baseline -0.005 -15"><span class='ocrx_word' id='word_1_63' title='bbox 122 1401 304 1469; x_wconf 75' lang='lat' dir='ltr'>Tinqnitnr</span> <span class='ocrx_word' id='word_1_64' title='bbox 332 1416 458 1454; x_wconf 86' lang='lat' dir='ltr'>oceano</span> <span class='ocrx_word' id='word_1_65' title='bbox 481 1430 514 1438; x_wconf 98' lang='lat'>-</span> <span class='ocrx_word' id='word_1_66' title='bbox 540 1398 632 1453; x_wconf 85' lang='lat' dir='ltr'>versui</span> <span class='ocrx_word' id='word_1_67' title='bbox 659 1397 796 1452; x_wconf 86' lang='lat' dir='ltr'>Ovidiano</span> <span class='ocrx_word' id='word_1_68' title='bbox 824 1397 896 1451; x_wconf 87' lang='lat' dir='ltr'>trist.</span> <span class='ocrx_word' id='word_1_69' title='bbox 921 1397 934 1450; x_wconf 95' lang='lat' dir='ltr'>I</span> <span class='ocrx_word' id='word_1_70' title='bbox 955 1398 986 1461; x_wconf 85' lang='lat'>4,</span> <span class='ocrx_word' id='word_1_71' title='bbox 1009 1398 1038 1450; x_wconf 86' lang='lat'>1:</span> <span class='ocrx_word' id='word_1_72' title='bbox 1069 1396 1251 1464; x_wconf 69' lang='lat' dir='ltr'>Tinguitur</span> 
     </span>
     <span class='ocr_line' id='line_1_10' title="bbox 117 1483 1250 1558; baseline -0.004 -18"><span class='ocrx_word' id='word_1_73' title='bbox 117 1503 239 1540; x_wconf 91' lang='lat' dir='ltr'>oceano</span> <span class='ocrx_word' id='word_1_74' title='bbox 266 1493 358 1542; x_wconf 79' lang='lat' dir='ltr'>castos</span> <span class='ocrx_word' id='word_1_75' title='bbox 386 1485 605 1558; x_wconf 80' lang='lat' dir='ltr'>Eryrnantbidos</span> <span class='ocrx_word' id='word_1_76' title='bbox 632 1501 727 1548; x_wconf 58' lang='lat' dir='ltr'>ursam</span> <span class='ocrx_word' id='word_1_77' title='bbox 759 1484 883 1538; x_wconf 87' lang='lat' dir='ltr'>tristium</span> <span class='ocrx_word' id='word_1_78' title='bbox 906 1483 1009 1536; x_wconf 91' lang='lat' dir='ltr'>librum</span> <span class='ocrx_word' id='word_1_79' title='bbox 1035 1483 1156 1552; x_wconf 89' lang='lat' dir='ltr'>primum</span> <span class='ocrx_word' id='word_1_80' title='bbox 1178 1499 1250 1536; x_wconf 88' lang='lat' dir='ltr'>com-</span> 
     </span>
     <span class='ocr_line' id='line_1_11' title="bbox 116 1568 1250 1644; baseline -0.005 -17"><span class='ocrx_word' id='word_1_81' title='bbox 116 1573 240 1644; x_wconf 91' lang='lat' dir='ltr'>positum</span> <span class='ocrx_word' id='word_1_82' title='bbox 268 1590 340 1637; x_wconf 90' lang='lat' dir='ltr'>esse,</span> <span class='ocrx_word' id='word_1_83' title='bbox 377 1591 439 1626; x_wconf 88' lang='lat' dir='ltr'>cum</span> <span class='ocrx_word' id='word_1_84' title='bbox 473 1572 589 1628; x_wconf 88' lang='lat' dir='ltr'>Ovidius</span> <span class='ocrx_word' id='word_1_85' title='bbox 625 1571 726 1626; x_wconf 88' lang='lat' dir='ltr'>Tomos</span> <span class='ocrx_word' id='word_1_86' title='bbox 761 1571 989 1642; x_wconf 88' lang='lat' dir='ltr'>proficisceretur,</span> <span class='ocrx_word' id='word_1_87' title='bbox 1026 1586 1058 1623; x_wconf 86' lang='lat' dir='ltr'>ex</span> <span class='ocrx_word' id='word_1_88' title='bbox 1095 1568 1154 1623; x_wconf 84' lang='lat' dir='ltr'>eius</span> <span class='ocrx_word' id='word_1_89' title='bbox 1185 1568 1250 1622; x_wconf 91' lang='lat' dir='ltr'>libri</span> 
     </span>
     <span class='ocr_line' id='line_1_12' title="bbox 117 1655 1251 1729; baseline -0.005 -16"><span class='ocrx_word' id='word_1_90' title='bbox 117 1659 287 1714; x_wconf 88' lang='lat' dir='ltr'>carminibus</span> <span class='ocrx_word' id='word_1_91' title='bbox 314 1659 382 1729; x_wconf 87' lang='lat' dir='ltr'>ipsis</span> <span class='ocrx_word' id='word_1_92' title='bbox 410 1661 626 1713; x_wconf 87' lang='lat' dir='ltr'>consentaneum</span> <span class='ocrx_word' id='word_1_93' title='bbox 651 1661 704 1722; x_wconf 90' lang='lat' dir='ltr'>est;</span> <span class='ocrx_word' id='word_1_94' title='bbox 732 1657 781 1727; x_wconf 93' lang='lat' dir='ltr'>qui</span> <span class='ocrx_word' id='word_1_95' title='bbox 807 1657 878 1711; x_wconf 90' lang='lat' dir='ltr'>liber</span> <span class='ocrx_word' id='word_1_96' title='bbox 903 1657 948 1710; x_wconf 89' lang='lat' dir='ltr'>vel</span> <span class='ocrx_word' id='word_1_97' title='bbox 976 1658 1094 1710; x_wconf 83' lang='lat' dir='ltr'>exeunte</span> <span class='ocrx_word' id='word_1_98' title='bbox 1119 1673 1182 1710; x_wconf 90' lang='lat' dir='ltr'>vere</span> <span class='ocrx_word' id='word_1_99' title='bbox 1206 1655 1251 1708; x_wconf 88' lang='lat' dir='ltr'>vel</span> 
     </span>
     <span class='ocr_line' id='line_1_13' title="bbox 117 1743 1251 1800; baseline -0.004 -1"><span class='ocrx_word' id='word_1_100' title='bbox 117 1746 234 1800; x_wconf 90' lang='lat' dir='ltr'>ineunte</span> <span class='ocrx_word' id='word_1_101' title='bbox 261 1749 368 1800; x_wconf 86' lang='lat' dir='ltr'>aestate</span> <span class='ocrx_word' id='word_1_102' title='bbox 390 1745 457 1800; x_wconf 88' lang='lat' dir='ltr'>anni</span> <span class='ocrx_word' id='word_1_103' title='bbox 478 1746 503 1799; x_wconf 89' lang='lat' dir='ltr'>X</span> <span class='ocrx_word' id='word_1_104' title='bbox 522 1747 639 1800; x_wconf 88' lang='lat' dir='ltr'>Romam</span> <span class='ocrx_word' id='word_1_105' title='bbox 662 1745 837 1799; x_wconf 81' lang='lat' dir='ltr'>transmissus</span> <span class='ocrx_word' id='word_1_106' title='bbox 862 1761 919 1799; x_wconf 86' lang='lat' dir='ltr'>esse</span> <span class='ocrx_word' id='word_1_107' title='bbox 941 1743 1060 1797; x_wconf 88' lang='lat' dir='ltr'>videtur.</span> <span class='ocrx_word' id='word_1_108' title='bbox 1104 1743 1251 1795; x_wconf 87' lang='lat' dir='ltr'>Praeterea</span> 
     </span>
     <span class='ocr_line' id='line_1_14' title="bbox 117 1827 1250 1899; baseline -0.004 -13"><span class='ocrx_word' id='word_1_109' title='bbox 117 1832 201 1886; x_wconf 85' lang='lat' dir='ltr'>valde</span> <span class='ocrx_word' id='word_1_110' title='bbox 229 1833 344 1886; x_wconf 89' lang='lat' dir='ltr'>dubium</span> <span class='ocrx_word' id='word_1_111' title='bbox 368 1835 410 1888; x_wconf 91' lang='lat' dir='ltr'>est</span> <span class='ocrx_word' id='word_1_112' title='bbox 430 1851 497 1886; x_wconf 90' lang='lat' dir='ltr'>unm</span> <span class='ocrx_word' id='word_1_113' title='bbox 513 1832 567 1886; x_wconf 88' lang='lat' dir='ltr'>huc</span> <span class='ocrx_word' id='word_1_114' title='bbox 590 1830 728 1890; x_wconf 89' lang='lat' dir='ltr'>referendi</span> <span class='ocrx_word' id='word_1_115' title='bbox 750 1830 807 1884; x_wconf 88' lang='lat' dir='ltr'>sint</span> <span class='ocrx_word' id='word_1_116' title='bbox 829 1847 922 1884; x_wconf 89' lang='lat' dir='ltr'>versus</span> <span class='ocrx_word' id='word_1_117' title='bbox 952 1847 1021 1899; x_wconf 91' lang='lat' dir='ltr'>quos</span> <span class='ocrx_word' id='word_1_118' title='bbox 1040 1827 1158 1898; x_wconf 89' lang='lat' dir='ltr'>legimus</span> <span class='ocrx_word' id='word_1_119' title='bbox 1176 1828 1250 1882; x_wconf 90' lang='lat' dir='ltr'>Man.</span> 
     </span>
     <span class='ocr_line' id='line_1_15' title="bbox 117 1913 1250 1989; baseline -0.003 -17"><span class='ocrx_word' id='word_1_120' title='bbox 117 1918 204 1972; x_wconf 79' lang='grc'><strong>11176</strong></span> <span class='ocrx_word' id='word_1_121' title='bbox 223 1921 252 1972; x_wconf 92' lang='lat' dir='ltr'>et</span> <span class='ocrx_word' id='word_1_122' title='bbox 268 1919 327 1974; x_wconf 82' lang='lat'>295.</span> <span class='ocrx_word' id='word_1_123' title='bbox 355 1919 496 1989; x_wconf 82' lang='lat' dir='ltr'>inpriore</span> <span class='ocrx_word' id='word_1_124' title='bbox 514 1936 595 1974; x_wconf 89' lang='lat' dir='ltr'>versu</span> <span class='ocrx_word' id='word_1_125' title='bbox 612 1917 704 1972; x_wconf 89' lang='lat' dir='ltr'>neseio</span> <span class='ocrx_word' id='word_1_126' title='bbox 722 1935 758 1971; x_wconf 89' lang='lat' dir='ltr'>an</span> <span class='ocrx_word' id='word_1_127' title='bbox 776 1917 860 1971; x_wconf 90' lang='lat' dir='ltr'>alicui</span> <span class='ocrx_word' id='word_1_128' title='bbox 878 1916 1007 1970; x_wconf 88' lang='lat' dir='ltr'>videatur</span> <span class='ocrx_word' id='word_1_129' title='bbox 1022 1915 1111 1969; x_wconf 90' lang='lat' dir='ltr'>inesse</span> <span class='ocrx_word' id='word_1_130' title='bbox 1129 1913 1250 1969; x_wconf 89' lang='lat' dir='ltr'>imitatio</span> 
     </span>
     <span class='ocr_line' id='line_1_16' title="bbox 117 2001 1249 2060; baseline -0.004 -2"><span class='ocrx_word' id='word_1_131' title='bbox 117 2007 213 2058; x_wconf 80' lang='lat' dir='ltr'>versus</span> <span class='ocrx_word' id='word_1_132' title='bbox 232 2004 362 2060; x_wconf 87' lang='lat' dir='ltr'>Ovidiani</span> <span class='ocrx_word' id='word_1_133' title='bbox 387 2005 450 2060; x_wconf 86' lang='lat' dir='ltr'>fast.</span> <span class='ocrx_word' id='word_1_134' title='bbox 471 2004 496 2058; x_wconf 90' lang='lat' dir='ltr'>V</span> <span class='ocrx_word' id='word_1_135' title='bbox 514 2005 566 2059; x_wconf 78' lang='lat'>305</span> <span class='ocrx_word' id='word_1_136' title='bbox 588 2007 616 2058; x_wconf 93' lang='lat' dir='ltr'>et</span> <span class='ocrx_word' id='word_1_137' title='bbox 639 2003 725 2058; x_wconf 84' lang='lat' dir='ltr'>Ibidis</span> <span class='ocrx_word' id='word_1_138' title='bbox 746 2003 804 2059; x_wconf 82' lang='lat'>599.</span> <span class='ocrx_word' id='word_1_139' title='bbox 836 2002 929 2056; x_wconf 88' lang='lat' dir='ltr'>Verba</span> <span class='ocrx_word' id='word_1_140' title='bbox 950 2001 1061 2056; x_wconf 89' lang='lat' dir='ltr'>Manilii</span> <span class='ocrx_word' id='word_1_141' title='bbox 1086 2002 1155 2055; x_wconf 86' lang='lat' dir='ltr'>haec</span> <span class='ocrx_word' id='word_1_142' title='bbox 1172 2004 1249 2055; x_wconf 92' lang='lat' dir='ltr'>sunt:</span> 
     </span>
     <span class='ocr_line' id='line_1_17' title="bbox 121 2088 1251 2160; baseline -0.002 -16"><span class='ocrx_word' id='word_1_143' title='bbox 121 2091 170 2156; x_wconf 88' lang='lat' dir='ltr'>Te,</span> <span class='ocrx_word' id='word_1_144' title='bbox 198 2091 381 2160; x_wconf 67' lang='lat' dir='ltr'>Melaenae,</span> <span class='ocrx_word' id='word_1_145' title='bbox 411 2093 513 2156; x_wconf 86' lang='lat' dir='ltr'>colant,</span> <span class='ocrx_word' id='word_1_146' title='bbox 539 2091 685 2159; x_wconf 83' lang='lat' dir='ltr'>flammis</span> <span class='ocrx_word' id='word_1_147' title='bbox 708 2090 904 2144; x_wconf 80' lang='lat' dir='ltr'>absentibus</span> <span class='ocrx_word' id='word_1_148' title='bbox 924 2089 974 2157; x_wconf 85' lang='lat' dir='ltr'>(sic</span> <span class='ocrx_word' id='word_1_149' title='bbox 992 2088 1149 2154; x_wconf 86' lang='lat' dir='ltr'>Bentleius;</span> <span class='ocrx_word' id='word_1_150' title='bbox 1171 2088 1251 2142; x_wconf 86' lang='lat' dir='ltr'>bobi-</span> 
     </span>
     <span class='ocr_line' id='line_1_18' title="bbox 118 2176 1249 2247; baseline -0.003 -15"><span class='ocrx_word' id='word_1_151' title='bbox 118 2177 240 2233; x_wconf 84' lang='lat' dir='ltr'>tantibas</span> <span class='ocrx_word' id='word_1_152' title='bbox 266 2178 345 2233; x_wconf 87' lang='lat' dir='ltr'>codd.</span> <span class='ocrx_word' id='word_1_153' title='bbox 372 2181 477 2243; x_wconf 88' lang='lat' dir='ltr'>omncs,</span> <span class='ocrx_word' id='word_1_154' title='bbox 504 2177 559 2232; x_wconf 89' lang='lat' dir='ltr'>nisi</span> <span class='ocrx_word' id='word_1_155' title='bbox 585 2178 660 2247; x_wconf 91' lang='lat' dir='ltr'>quod</span> <span class='ocrx_word' id='word_1_156' title='bbox 686 2177 847 2232; x_wconf 77' lang='lat' dir='ltr'>tabentibus</span> <span class='ocrx_word' id='word_1_157' title='bbox 868 2177 917 2244; x_wconf 58' lang='lat' dir='ltr'>Vi)</span> <span class='ocrx_word' id='word_1_158' title='bbox 940 2183 1063 2244; x_wconf 77' lang='lat' dir='ltr'>astant,</span> <span class='ocrx_word' id='word_1_159' title='bbox 1097 2176 1191 2232; x_wconf 88' lang='lat' dir='ltr'>Ovidii</span> <span class='ocrx_word' id='word_1_160' title='bbox 1219 2176 1249 2229; x_wconf 91' lang='lat' dir='ltr'>in</span> 
     </span>
     <span class='ocr_line' id='line_1_19' title="bbox 117 2263 1249 2334; baseline 0 -18"><span class='ocrx_word' id='word_1_161' title='bbox 117 2264 216 2318; x_wconf 86' lang='lat' dir='ltr'>fastis</span> <span class='ocrx_word' id='word_1_162' title='bbox 233 2265 313 2319; x_wconf 87' lang='lat' dir='ltr'>haec:</span> <span class='ocrx_word' id='word_1_163' title='bbox 335 2265 452 2334; x_wconf 85' lang='lat' dir='ltr'>Respice</span> <span class='ocrx_word' id='word_1_164' title='bbox 473 2265 693 2320; x_wconf 73' lang='lat' dir='ltr'>Thestiaden.</span> <span class='ocrx_word' id='word_1_165' title='bbox 715 2265 860 2333; x_wconf 80' lang='lat' dir='ltr'>flaicinis</span> <span class='ocrx_word' id='word_1_166' title='bbox 879 2263 1079 2316; x_wconf 79' lang='lat' dir='ltr'>absentibus</span> <span class='ocrx_word' id='word_1_167' title='bbox 1098 2263 1199 2328; x_wconf 82' lang='lat' dir='ltr'>arsit,</span> <span class='ocrx_word' id='word_1_168' title='bbox 1219 2263 1249 2316; x_wconf 92' lang='lat' dir='ltr'>in</span> 
     </span>
     <span class='ocr_line' id='line_1_20' title="bbox 117 2349 1249 2419; baseline 0.002 -17"><span class='ocrx_word' id='word_1_169' title='bbox 117 2349 215 2404; x_wconf 91' lang='lat' dir='ltr'>Ibide</span> <span class='ocrx_word' id='word_1_170' title='bbox 247 2352 327 2406; x_wconf 90' lang='lat' dir='ltr'>haec:</span> <span class='ocrx_word' id='word_1_171' title='bbox 355 2353 469 2406; x_wconf 87' lang='lat' dir='ltr'>Notas</span> <span class='ocrx_word' id='word_1_172' title='bbox 497 2359 532 2406; x_wconf 89' lang='lat' dir='ltr'>at</span> <span class='ocrx_word' id='word_1_173' title='bbox 554 2352 720 2406; x_wconf 73' lang='lat' dir='ltr'>Althaeae</span> <span class='ocrx_word' id='word_1_174' title='bbox 746 2351 894 2419; x_wconf 79' lang='lat' dir='ltr'>floronis</span> <span class='ocrx_word' id='word_1_175' title='bbox 920 2349 1123 2404; x_wconf 79' lang='lat' dir='ltr'>absentibus</span> <span class='ocrx_word' id='word_1_176' title='bbox 1150 2351 1249 2404; x_wconf 83' lang='lat' dir='ltr'>arsit.</span> 
     </span>
     <span class='ocr_line' id='line_1_21' title="bbox 117 2435 1249 2508; baseline 0.002 -18"><span class='ocrx_word' id='word_1_177' title='bbox 117 2437 252 2490; x_wconf 87' lang='lat' dir='ltr'>Dubitare</span> <span class='ocrx_word' id='word_1_178' title='bbox 274 2437 373 2508; x_wconf 91' lang='lat' dir='ltr'>possis,</span> <span class='ocrx_word' id='word_1_179' title='bbox 397 2441 492 2492; x_wconf 88' lang='lat' dir='ltr'>utrum</span> <span class='ocrx_word' id='word_1_180' title='bbox 508 2438 642 2492; x_wconf 87' lang='lat' dir='ltr'>fastorum</span> <span class='ocrx_word' id='word_1_181' title='bbox 659 2455 696 2492; x_wconf 87' lang='lat' dir='ltr'>an</span> <span class='ocrx_word' id='word_1_182' title='bbox 717 2436 803 2490; x_wconf 88' lang='lat' dir='ltr'>Ibidis</span> <span class='ocrx_word' id='word_1_183' title='bbox 828 2452 922 2489; x_wconf 88' lang='lat' dir='ltr'>versus</span> <span class='ocrx_word' id='word_1_184' title='bbox 946 2435 1083 2490; x_wconf 86' lang='lat' dir='ltr'>imitando</span> <span class='ocrx_word' id='word_1_185' title='bbox 1106 2453 1249 2506; x_wconf 86' lang='lat' dir='ltr'>expressus</span> 
     </span>
     <span class='ocr_line' id='line_1_22' title="bbox 118 2523 1249 2594; baseline 0.001 -17"><span class='ocrx_word' id='word_1_186' title='bbox 118 2523 170 2577; x_wconf 80' lang='lat' dir='ltr'>sit:</span> <span class='ocrx_word' id='word_1_187' title='bbox 187 2523 210 2577; x_wconf 91' lang='lat' dir='ltr'>si</span> <span class='ocrx_word' id='word_1_188' title='bbox 228 2525 340 2578; x_wconf 88' lang='lat' dir='ltr'>omnino</span> <span class='ocrx_word' id='word_1_189' title='bbox 358 2524 480 2578; x_wconf 86' lang='lat' dir='ltr'>imitatio</span> <span class='ocrx_word' id='word_1_190' title='bbox 499 2525 674 2594; x_wconf 86' lang='lat' dir='ltr'>agnoscenda</span> <span class='ocrx_word' id='word_1_191' title='bbox 692 2525 734 2577; x_wconf 89' lang='lat' dir='ltr'>est</span> <span class='ocrx_word' id='word_1_192' title='bbox 753 2523 799 2592; x_wconf 88' lang='lat' dir='ltr'>(de</span> <span class='ocrx_word' id='word_1_193' title='bbox 817 2539 872 2591; x_wconf 84' lang='lat' dir='ltr'>qna</span> <span class='ocrx_word' id='word_1_194' title='bbox 888 2539 918 2576; x_wconf 91' lang='lat' dir='ltr'>rc</span> <span class='ocrx_word' id='word_1_195' title='bbox 936 2523 1113 2577; x_wconf 87' lang='lat' dir='ltr'>vehementer</span> <span class='ocrx_word' id='word_1_196' title='bbox 1131 2523 1249 2592; x_wconf 89' lang='lat' dir='ltr'>dubito),</span> 
     </span>
     <span class='ocr_line' id='line_1_23' title="bbox 120 2609 1249 2681; baseline 0 -17"><span class='ocrx_word' id='word_1_197' title='bbox 120 2611 250 2681; x_wconf 89' lang='lat' dir='ltr'>equidem</span> <span class='ocrx_word' id='word_1_198' title='bbox 267 2611 337 2665; x_wconf 93' lang='lat' dir='ltr'>illud</span> <span class='ocrx_word' id='word_1_199' title='bbox 356 2611 529 2677; x_wconf 83' lang='lat' dir='ltr'>crediderim,</span> <span class='ocrx_word' id='word_1_200' title='bbox 556 2628 647 2680; x_wconf 88' lang='lat' dir='ltr'>neque</span> <span class='ocrx_word' id='word_1_201' title='bbox 668 2614 763 2666; x_wconf 89' lang='lat' dir='ltr'>tamen</span> <span class='ocrx_word' id='word_1_202' title='bbox 785 2609 883 2680; x_wconf 87' lang='lat' dir='ltr'>negari</span> <span class='ocrx_word' id='word_1_203' title='bbox 900 2612 1006 2679; x_wconf 85' lang='lat' dir='ltr'>potest,</span> <span class='ocrx_word' id='word_1_204' title='bbox 1033 2613 1145 2679; x_wconf 88' lang='lat' dir='ltr'>poetam</span> <span class='ocrx_word' id='word_1_205' title='bbox 1163 2610 1249 2665; x_wconf 84' lang='lat' dir='ltr'>Ibidis</span> 
     </span>
     <span class='ocr_line' id='line_1_24' title="bbox 118 2695 1250 2767; baseline -0.001 -15"><span class='ocrx_word' id='word_1_206' title='bbox 118 2715 229 2752; x_wconf 86' lang='lat' dir='ltr'>versum</span> <span class='ocrx_word' id='word_1_207' title='bbox 250 2698 374 2767; x_wconf 87' lang='lat' dir='ltr'>potuisse</span> <span class='ocrx_word' id='word_1_208' title='bbox 395 2697 514 2762; x_wconf 87' lang='lat' dir='ltr'>imitari,</span> <span class='ocrx_word' id='word_1_209' title='bbox 543 2698 617 2766; x_wconf 91' lang='lat' dir='ltr'>quod</span> <span class='ocrx_word' id='word_1_210' title='bbox 643 2714 753 2751; x_wconf 86' lang='lat' dir='ltr'>cannen</span> <span class='ocrx_word' id='word_1_211' title='bbox 779 2696 876 2766; x_wconf 88' lang='lat' dir='ltr'>primis</span> <span class='ocrx_word' id='word_1_212' title='bbox 902 2695 979 2749; x_wconf 89' lang='lat' dir='ltr'>exilii</span> <span class='ocrx_word' id='word_1_213' title='bbox 1000 2696 1080 2751; x_wconf 85' lang='lat' dir='ltr'>annis</span> <span class='ocrx_word' id='word_1_214' title='bbox 1104 2697 1199 2752; x_wconf 89' lang='lat' dir='ltr'>fictum</span> <span class='ocrx_word' id='word_1_215' title='bbox 1221 2699 1250 2751; x_wconf 87' lang='lat' dir='ltr'>et</span> 
     </span>
     <span class='ocr_line' id='line_1_25' title="bbox 117 2782 1250 2852; baseline 0 -15"><span class='ocrx_word' id='word_1_216' title='bbox 117 2786 181 2852; x_wconf 89' lang='lat' dir='ltr'>post</span> <span class='ocrx_word' id='word_1_217' title='bbox 207 2782 300 2837; x_wconf 89' lang='lat' dir='ltr'>Ovidii</span> <span class='ocrx_word' id='word_1_218' title='bbox 325 2786 443 2838; x_wconf 89' lang='lat' dir='ltr'>mortem</span> <span class='ocrx_word' id='word_1_219' title='bbox 464 2784 581 2837; x_wconf 90' lang='lat' dir='ltr'>Romam</span> <span class='ocrx_word' id='word_1_220' title='bbox 604 2783 742 2852; x_wconf 87' lang='lat' dir='ltr'>perlatum</span> <span class='ocrx_word' id='word_1_221' title='bbox 764 2782 964 2836; x_wconf 89' lang='lat' dir='ltr'>videturesse.</span> <span class='ocrx_word' id='word_1_222' title='bbox 1010 2783 1063 2837; x_wconf 87' lang='lat' dir='ltr'>Sed</span> <span class='ocrx_word' id='word_1_223' title='bbox 1090 2801 1153 2837; x_wconf 88' lang='lat' dir='ltr'>cum</span> <span class='ocrx_word' id='word_1_224' title='bbox 1179 2783 1250 2837; x_wconf 92' lang='lat' dir='ltr'>liber</span> 
     </span>
     <span class='ocr_line' id='line_1_26' title="bbox 119 2866 1251 2937; baseline 0.004 -18"><span class='ocrx_word' id='word_1_225' title='bbox 119 2866 290 2920; x_wconf 85' lang='lat' dir='ltr'>Manilianas</span> <span class='ocrx_word' id='word_1_226' title='bbox 309 2868 424 2937; x_wconf 88' lang='lat' dir='ltr'>quintus</span> <span class='ocrx_word' id='word_1_227' title='bbox 443 2867 584 2922; x_wconf 90' lang='lat' dir='ltr'>nonnullis</span> <span class='ocrx_word' id='word_1_228' title='bbox 602 2867 683 2921; x_wconf 90' lang='lat' dir='ltr'>annis</span> <span class='ocrx_word' id='word_1_229' title='bbox 700 2871 765 2937; x_wconf 86' lang='lat' dir='ltr'>post</span> <span class='ocrx_word' id='word_1_230' title='bbox 782 2884 867 2935; x_wconf 89' lang='lat' dir='ltr'>quam</span> <span class='ocrx_word' id='word_1_231' title='bbox 884 2867 955 2921; x_wconf 90' lang='lat' dir='ltr'>liber</span> <span class='ocrx_word' id='word_1_232' title='bbox 967 2870 1082 2936; x_wconf 88' lang='lat' dir='ltr'>quartus</span> <span class='ocrx_word' id='word_1_233' title='bbox 1100 2868 1190 2922; x_wconf 90' lang='lat' dir='ltr'>editus</span> <span class='ocrx_word' id='word_1_234' title='bbox 1209 2872 1251 2923; x_wconf 86' lang='lat' dir='ltr'>est</span> 
     </span>
     <span class='ocr_line' id='line_1_27' title="bbox 117 2953 1249 3024; baseline 0.002 -17"><span class='ocrx_word' id='word_1_235' title='bbox 117 2954 248 3007; x_wconf 84' lang='lat' dir='ltr'>videatur</span> <span class='ocrx_word' id='word_1_236' title='bbox 266 2953 384 3024; x_wconf 87' lang='lat' dir='ltr'>scriptus</span> <span class='ocrx_word' id='word_1_237' title='bbox 402 2972 472 3019; x_wconf 90' lang='lat' dir='ltr'>esse,</span> <span class='ocrx_word' id='word_1_238' title='bbox 498 2954 581 3008; x_wconf 86' lang='lat' dir='ltr'>facile</span> <span class='ocrx_word' id='word_1_239' title='bbox 598 2954 658 3009; x_wconf 91' lang='lat' dir='ltr'>fieri</span> <span class='ocrx_word' id='word_1_240' title='bbox 675 2954 781 3024; x_wconf 90' lang='lat' dir='ltr'>potuit,</span> <span class='ocrx_word' id='word_1_241' title='bbox 805 2956 839 3007; x_wconf 90' lang='lat' dir='ltr'>ut</span> <span class='ocrx_word' id='word_1_242' title='bbox 862 2955 946 3023; x_wconf 91' lang='lat' dir='ltr'>poeta</span> <span class='ocrx_word' id='word_1_243' title='bbox 968 2970 1002 3007; x_wconf 85' lang='lat' dir='ltr'>ex</span> <span class='ocrx_word' id='word_1_244' title='bbox 1019 2954 1153 3008; x_wconf 81' lang='lat' dir='ltr'>fastorum</span> <span class='ocrx_word' id='word_1_245' title='bbox 1171 2955 1249 3009; x_wconf 87' lang='lat' dir='ltr'>libris</span> 
     </span>
     <span class='ocr_line' id='line_1_28' title="bbox 117 3039 1249 3110; baseline 0.002 -17"><span class='ocrx_word' id='word_1_246' title='bbox 117 3040 251 3104; x_wconf 89' lang='lat' dir='ltr'>hauriret,</span> <span class='ocrx_word' id='word_1_247' title='bbox 269 3039 318 3108; x_wconf 92' lang='lat' dir='ltr'>qui</span> <span class='ocrx_word' id='word_1_248' title='bbox 335 3043 399 3110; x_wconf 90' lang='lat' dir='ltr'>post</span> <span class='ocrx_word' id='word_1_249' title='bbox 413 3040 506 3095; x_wconf 89' lang='lat' dir='ltr'>Ovidii</span> <span class='ocrx_word' id='word_1_250' title='bbox 524 3043 641 3094; x_wconf 89' lang='lat' dir='ltr'>mortem</span> <span class='ocrx_word' id='word_1_251' title='bbox 650 3041 755 3094; x_wconf 88' lang='lat' dir='ltr'>Romae</span> <span class='ocrx_word' id='word_1_252' title='bbox 767 3039 907 3109; x_wconf 84' lang='lat' dir='ltr'>divulgati</span> <span class='ocrx_word' id='word_1_253' title='bbox 920 3043 991 3094; x_wconf 89' lang='lat' dir='ltr'>sunt.</span> <span class='ocrx_word' id='word_1_254' title='bbox 1001 3071 1030 3080; x_wconf 90' lang='lat'>-</span> <span class='ocrx_word' id='word_1_255' title='bbox 1043 3040 1140 3095; x_wconf 90' lang='lat' dir='ltr'>Obiter</span> <span class='ocrx_word' id='word_1_256' title='bbox 1151 3058 1249 3096; x_wconf 90' lang='lat' dir='ltr'>moneo</span> 
     </span>
     <span class='ocr_line' id='line_1_29' title="bbox 118 3126 1249 3202; baseline 0.001 -22"><span class='ocrx_word' id='word_1_257' title='bbox 118 3128 234 3202; x_wconf 83' lang='lat' dir='ltr'>excepto</span> <span class='ocrx_word' id='word_1_258' title='bbox 261 3143 316 3180; x_wconf 93' lang='lat' dir='ltr'>uno</span> <span class='ocrx_word' id='word_1_259' title='bbox 344 3127 389 3180; x_wconf 87' lang='lat' dir='ltr'>vel</span> <span class='ocrx_word' id='word_1_260' title='bbox 415 3127 522 3180; x_wconf 90' lang='lat' dir='ltr'>duobus</span> <span class='ocrx_word' id='word_1_261' title='bbox 554 3126 687 3196; x_wconf 83' lang='lat' dir='ltr'>exemplis</span> <span class='ocrx_word' id='word_1_262' title='bbox 720 3126 804 3196; x_wconf 85' lang='lat' dir='ltr'>(Man.</span> <span class='ocrx_word' id='word_1_263' title='bbox 831 3126 872 3179; x_wconf 91' lang='lat' dir='ltr'>lII</span> <span class='ocrx_word' id='word_1_264' title='bbox 894 3126 928 3178; x_wconf 77' lang='lat'>22</span> <span class='ocrx_word' id='word_1_265' title='bbox 956 3129 985 3180; x_wconf 90' lang='lat' dir='ltr'>et</span> <span class='ocrx_word' id='word_1_266' title='bbox 1011 3127 1126 3182; x_wconf 85' lang='lat' dir='ltr'>fortasse</span> <span class='ocrx_word' id='word_1_267' title='bbox 1152 3128 1180 3181; x_wconf 92' lang='lat' dir='ltr'>II</span> <span class='ocrx_word' id='word_1_268' title='bbox 1204 3129 1249 3194; x_wconf 79' lang='grc'>49)</span> 
     </span>
     <span class='ocr_line' id='line_1_30' title="bbox 116 3213 1250 3284; baseline 0.002 -16"><span class='ocrx_word' id='word_1_269' title='bbox 116 3216 252 3270; x_wconf 88' lang='lat' dir='ltr'>fastorum</span> <span class='ocrx_word' id='word_1_270' title='bbox 265 3233 357 3270; x_wconf 88' lang='lat' dir='ltr'>versus</span> <span class='ocrx_word' id='word_1_271' title='bbox 368 3216 516 3270; x_wconf 87' lang='lat' dir='ltr'>Manilium</span> <span class='ocrx_word' id='word_1_272' title='bbox 534 3216 676 3271; x_wconf 89' lang='lat' dir='ltr'>imitatum</span> <span class='ocrx_word' id='word_1_273' title='bbox 694 3233 750 3270; x_wconf 92' lang='lat' dir='ltr'>non</span> <span class='ocrx_word' id='word_1_274' title='bbox 769 3232 826 3269; x_wconf 88' lang='lat' dir='ltr'>esse</span> <span class='ocrx_word' id='word_1_275' title='bbox 843 3213 899 3268; x_wconf 90' lang='lat' dir='ltr'>nisi</span> <span class='ocrx_word' id='word_1_276' title='bbox 916 3214 947 3267; x_wconf 90' lang='lat' dir='ltr'>in</span> <span class='ocrx_word' id='word_1_277' title='bbox 964 3215 1035 3269; x_wconf 91' lang='lat' dir='ltr'>libro</span> <span class='ocrx_word' id='word_1_278' title='bbox 1053 3216 1166 3284; x_wconf 87' lang='lat' dir='ltr'>quinto;</span> <span class='ocrx_word' id='word_1_279' title='bbox 1184 3234 1250 3270; x_wconf 87' lang='lat' dir='ltr'>nam</span> 
     </span>
     <span class='ocr_line' id='line_1_31' title="bbox 116 3301 1250 3373; baseline 0.001 -19"><span class='ocrx_word' id='word_1_280' title='bbox 116 3301 307 3356; x_wconf 86' lang='lat' dir='ltr'>imitationum</span> <span class='ocrx_word' id='word_1_281' title='bbox 336 3302 372 3356; x_wconf 88' lang='lat' dir='ltr'>ad</span> <span class='ocrx_word' id='word_1_282' title='bbox 398 3303 484 3357; x_wconf 86' lang='lat' dir='ltr'>fastos</span> <span class='ocrx_word' id='word_1_283' title='bbox 512 3303 698 3373; x_wconf 86' lang='lat' dir='ltr'>spectantium</span> <span class='ocrx_word' id='word_1_284' title='bbox 723 3302 862 3371; x_wconf 86' lang='lat' dir='ltr'>exempla,</span> <span class='ocrx_word' id='word_1_285' title='bbox 890 3317 961 3370; x_wconf 88' lang='lat' dir='ltr'>quae</span> <span class='ocrx_word' id='word_1_286' title='bbox 991 3303 1131 3372; x_wconf 85' lang='lat' dir='ltr'>congessit</span> <span class='ocrx_word' id='word_1_287' title='bbox 1157 3303 1250 3357; x_wconf 84' lang='lat' dir='ltr'>Freier</span> 
     </span>
     <span class='ocr_line' id='line_1_32' title="bbox 118 3387 1249 3459; baseline 0 -17"><span class='ocrx_word' id='word_1_288' title='bbox 118 3389 184 3452; x_wconf 93' lang='grc'><strong>(1.1.</strong></span> <span class='ocrx_word' id='word_1_289' title='bbox 210 3407 236 3458; x_wconf 92' lang='lat' dir='ltr'>p.</span> <span class='ocrx_word' id='word_1_290' title='bbox 256 3390 372 3458; x_wconf 66' lang='grc'><strong>601111,</strong></span> <span class='ocrx_word' id='word_1_291' title='bbox 399 3389 494 3459; x_wconf 84' lang='lat' dir='ltr'>exigui</span> <span class='ocrx_word' id='word_1_292' title='bbox 519 3389 653 3444; x_wconf 89' lang='lat' dir='ltr'>momenti</span> <span class='ocrx_word' id='word_1_293' title='bbox 682 3389 751 3443; x_wconf 90' lang='lat' dir='ltr'>mihi</span> <span class='ocrx_word' id='word_1_294' title='bbox 777 3387 908 3442; x_wconf 89' lang='lat' dir='ltr'>videntur</span> <span class='ocrx_word' id='word_1_295' title='bbox 939 3404 1008 3452; x_wconf 88' lang='lat' dir='ltr'>esse;</span> <span class='ocrx_word' id='word_1_296' title='bbox 1041 3389 1150 3443; x_wconf 86' lang='lat' dir='ltr'>aceedit</span> <span class='ocrx_word' id='word_1_297' title='bbox 1174 3390 1249 3458; x_wconf 92' lang='lat' dir='ltr'>quod</span> 
     </span>
     <span class='ocr_line' id='line_1_33' title="bbox 117 3463 1249 3546; baseline 0.003 -19"><span class='ocrx_word' id='word_1_298' title='bbox 117 3475 192 3527; x_wconf 89' lang='lat' dir='ltr'>Man.</span> <span class='ocrx_word' id='word_1_299' title='bbox 203 3475 268 3528; x_wconf 88' lang='grc'><strong>1111</strong></span> <span class='ocrx_word' id='word_1_300' title='bbox 287 3475 385 3529; x_wconf 88' lang='lat' dir='ltr'>melius</span> <span class='ocrx_word' id='word_1_301' title='bbox 404 3493 488 3544; x_wconf 87' lang='lat' dir='ltr'>quam</span> <span class='ocrx_word' id='word_1_302' title='bbox 506 3477 541 3530; x_wconf 89' lang='lat' dir='ltr'>ad</span> <span class='ocrx_word' id='word_1_303' title='bbox 551 3493 659 3530; x_wconf 89' lang='lat' dir='ltr'>versum</span> <span class='ocrx_word' id='word_1_304' title='bbox 669 3463 837 3531; x_wconf 86' lang='lat' dir='ltr'>Ovidianum</span> <span class='ocrx_word' id='word_1_305' title='bbox 849 3475 921 3541; x_wconf 82' lang='lat' dir='ltr'>(fast.</span> <span class='ocrx_word' id='word_1_306' title='bbox 931 3474 958 3528; x_wconf 95' lang='lat' dir='ltr'>II</span> <span class='ocrx_word' id='word_1_307' title='bbox 969 3475 1028 3542; x_wconf 82' lang='lat'>123)</span> <span class='ocrx_word' id='word_1_308' title='bbox 1047 3475 1084 3530; x_wconf 87' lang='lat' dir='ltr'>ad</span> <span class='ocrx_word' id='word_1_309' title='bbox 1093 3476 1249 3546; x_wconf 85' lang='lat' dir='ltr'>Vergilium</span> 
     </span>
     <span class='ocr_line' id='line_1_34' title="bbox 118 3561 1250 3632; baseline 0.005 -18"><span class='ocrx_word' id='word_1_310' title='bbox 118 3563 191 3630; x_wconf 85' lang='lat' dir='ltr'>(aen.</span> <span class='ocrx_word' id='word_1_311' title='bbox 219 3561 244 3615; x_wconf 86' lang='lat' dir='ltr'>X</span> <span class='ocrx_word' id='word_1_312' title='bbox 270 3565 331 3632; x_wconf 90' lang='grc'><strong>811)</strong></span> <span class='ocrx_word' id='word_1_313' title='bbox 357 3564 482 3618; x_wconf 89' lang='lat' dir='ltr'>refertur.</span> <span class='ocrx_word' id='word_1_314' title='bbox 522 3563 565 3617; x_wconf 69' lang='lat' dir='ltr'>ni</span> <span class='ocrx_word' id='word_1_315' title='bbox 588 3581 669 3617; x_wconf 86' lang='lat' dir='ltr'>versu</span> <span class='ocrx_word' id='word_1_316' title='bbox 698 3563 819 3632; x_wconf 89' lang='lat' dir='ltr'>denique</span> <span class='ocrx_word' id='word_1_317' title='bbox 838 3562 992 3616; x_wconf 89' lang='lat' dir='ltr'>Maniliano</span> <span class='ocrx_word' id='word_1_318' title='bbox 1010 3563 1035 3617; x_wconf 87' lang='lat' dir='ltr'>V</span> <span class='ocrx_word' id='word_1_319' title='bbox 1052 3565 1103 3618; x_wconf 81' lang='lat'>295</span> <span class='ocrx_word' id='word_1_320' title='bbox 1121 3565 1198 3619; x_wconf 81' lang='lat' dir='ltr'>dabit</span> <span class='ocrx_word' id='word_1_321' title='bbox 1224 3573 1250 3620; x_wconf 89' lang='lat' dir='ltr'>et</span> 
     </span>
     <span class='ocr_line' id='line_1_35' title="bbox 117 3650 1248 3722; baseline 0.003 -19"><span class='ocrx_word' id='word_1_322' title='bbox 117 3651 263 3704; x_wconf 76' lang='lat' dir='ltr'>iaculata</span> <span class='ocrx_word' id='word_1_323' title='bbox 286 3657 438 3722; x_wconf 76' lang='lat' dir='ltr'>torquere</span> <span class='ocrx_word' id='word_1_324' title='bbox 461 3652 619 3716; x_wconf 84' lang='lat' dir='ltr'>lacertis,</span> <span class='ocrx_word' id='word_1_325' title='bbox 645 3667 699 3719; x_wconf 92' lang='lat' dir='ltr'>quo</span> <span class='ocrx_word' id='word_1_326' title='bbox 719 3650 883 3720; x_wconf 85' lang='lat' dir='ltr'>exprimitur</span> <span class='ocrx_word' id='word_1_327' title='bbox 902 3650 1054 3706; x_wconf 89' lang='lat' dir='ltr'>Ovidianus</span> <span class='ocrx_word' id='word_1_328' title='bbox 1077 3651 1138 3718; x_wconf 90' lang='lat' dir='ltr'>ille,</span> <span class='ocrx_word' id='word_1_329' title='bbox 1166 3670 1248 3720; x_wconf 88' lang='lat' dir='ltr'>quem</span> 
     </span>
     <span class='ocr_line' id='line_1_36' title="bbox 118 3737 1248 3808; baseline 0.004 -18"><span class='ocrx_word' id='word_1_330' title='bbox 118 3753 151 3790; x_wconf 83' lang='lat' dir='ltr'>ex</span> <span class='ocrx_word' id='word_1_331' title='bbox 170 3737 338 3802; x_wconf 73' lang='lat' dir='ltr'>Pontus,</span> <span class='ocrx_word' id='word_1_332' title='bbox 357 3739 389 3791; x_wconf 76' lang='grc'>51</span> <span class='ocrx_word' id='word_1_333' title='bbox 414 3737 545 3806; x_wconf 81' lang='lat' dir='ltr'>legimus:</span> <span class='ocrx_word' id='word_1_334' title='bbox 572 3738 662 3808; x_wconf 77' lang='lat' dir='ltr'>Atque</span> <span class='ocrx_word' id='word_1_335' title='bbox 680 3744 710 3791; x_wconf 86' lang='lat' dir='ltr'>at</span> <span class='ocrx_word' id='word_1_336' title='bbox 728 3754 756 3791; x_wconf 86' lang='lat' dir='ltr'>es</span> <span class='ocrx_word' id='word_1_337' title='bbox 775 3753 887 3792; x_wconf 84' lang='lat' dir='ltr'>eaensoc</span> <span class='ocrx_word' id='word_1_338' title='bbox 915 3738 1064 3792; x_wconf 85' lang='lat' dir='ltr'>iacnlnra</span> <span class='ocrx_word' id='word_1_339' title='bbox 1090 3743 1248 3808; x_wconf 77' lang='lat' dir='ltr'>torquere</span> 
     </span>
     <span class='ocr_line' id='line_1_37' title="bbox 117 3823 1249 3894; baseline 0.004 -18"><span class='ocrx_word' id='word_1_340' title='bbox 117 3823 259 3890; x_wconf 84' lang='lat' dir='ltr'>lacerto,</span> <span class='ocrx_word' id='word_1_341' title='bbox 276 3823 348 3877; x_wconf 89' lang='lat' dir='ltr'>nihil</span> <span class='ocrx_word' id='word_1_342' title='bbox 366 3823 493 3878; x_wconf 89' lang='lat' dir='ltr'>concludi</span> <span class='ocrx_word' id='word_1_343' title='bbox 510 3826 615 3894; x_wconf 86' lang='lat' dir='ltr'>potest,</span> <span class='ocrx_word' id='word_1_344' title='bbox 641 3842 703 3879; x_wconf 91' lang='lat' dir='ltr'>oum</span> <span class='ocrx_word' id='word_1_345' title='bbox 727 3823 798 3877; x_wconf 91' lang='lat' dir='ltr'>liber</span> <span class='ocrx_word' id='word_1_346' title='bbox 819 3823 999 3893; x_wconf 88' lang='lat' dir='ltr'>epistolarum</span> <span class='ocrx_word' id='word_1_347' title='bbox 1017 3842 1050 3879; x_wconf 83' lang='lat' dir='ltr'>ex</span> <span class='ocrx_word' id='word_1_348' title='bbox 1069 3826 1158 3880; x_wconf 91' lang='lat' dir='ltr'>Ponto</span> <span class='ocrx_word' id='word_1_349' title='bbox 1177 3827 1249 3881; x_wconf 88' lang='lat' dir='ltr'>alter</span> 
     </span>
     <span class='ocr_line' id='line_1_38' title="bbox 116 3909 1248 3982; baseline 0.004 -20"><span class='ocrx_word' id='word_1_350' title='bbox 116 3909 174 3962; x_wconf 93' lang='lat' dir='ltr'>iam</span> <span class='ocrx_word' id='word_1_351' title='bbox 186 3910 335 3963; x_wconf 87' lang='lat' dir='ltr'>annoXllI</span> <span class='ocrx_word' id='word_1_352' title='bbox 344 3911 461 3965; x_wconf 88' lang='lat' dir='ltr'>Romam</span> <span class='ocrx_word' id='word_1_353' title='bbox 479 3910 576 3964; x_wconf 86' lang='lat' dir='ltr'>missus</span> <span class='ocrx_word' id='word_1_354' title='bbox 596 3909 640 3974; x_wconf 90' lang='lat' dir='ltr'>sit,</span> <span class='ocrx_word' id='word_1_355' title='bbox 658 3912 692 3963; x_wconf 95' lang='lat' dir='ltr'>ut</span> <span class='ocrx_word' id='word_1_356' title='bbox 702 3909 768 3963; x_wconf 88' lang='lat' dir='ltr'>libri</span> <span class='ocrx_word' id='word_1_357' title='bbox 780 3910 893 3964; x_wconf 88' lang='lat' dir='ltr'>secundi</span> <span class='ocrx_word' id='word_1_358' title='bbox 905 3910 1028 3966; x_wconf 81' lang='lat' dir='ltr'>carniina</span> <span class='ocrx_word' id='word_1_359' title='bbox 1046 3911 1095 3966; x_wconf 94' lang='lat' dir='ltr'>illo</span> <span class='ocrx_word' id='word_1_360' title='bbox 1114 3915 1248 3982; x_wconf 89' lang='lat' dir='ltr'>tempore,</span> 
     </span>
     <span class='ocr_line' id='line_1_39' title="bbox 118 3995 1215 4066; baseline 0.006 -18"><span class='ocrx_word' id='word_1_361' title='bbox 118 4013 174 4064; x_wconf 92' lang='lat' dir='ltr'>quo</span> <span class='ocrx_word' id='word_1_362' title='bbox 192 3998 277 4066; x_wconf 87' lang='lat' dir='ltr'>poeta</span> <span class='ocrx_word' id='word_1_363' title='bbox 295 3995 397 4050; x_wconf 82' lang='lat' dir='ltr'>fibram</span> <span class='ocrx_word' id='word_1_364' title='bbox 414 3997 544 4066; x_wconf 90' lang='lat' dir='ltr'>quintum</span> <span class='ocrx_word' id='word_1_365' title='bbox 562 3999 751 4066; x_wconf 84' lang='lat' dir='ltr'>componeret,</span> <span class='ocrx_word' id='word_1_366' title='bbox 769 3997 826 4051; x_wconf 90' lang='lat' dir='ltr'>iam</span> <span class='ocrx_word' id='word_1_367' title='bbox 844 3996 892 4050; x_wconf 93' lang='lat' dir='ltr'>diu</span> <span class='ocrx_word' id='word_1_368' title='bbox 910 3999 1014 4052; x_wconf 88' lang='lat' dir='ltr'>Romae</span> <span class='ocrx_word' id='word_1_369' title='bbox 1032 3999 1215 4055; x_wconf 89' lang='lat' dir='ltr'>innotuerint.</span> 
     </span>
    </p>

    <p class='ocr_par' dir='ltr' id='par_1_5' title="bbox 117 4081 1249 4502">
     <span class='ocr_line' id='line_1_40' title="bbox 191 4081 1249 4157; baseline 0.005 -21"><span class='ocrx_word' id='word_1_370' title='bbox 191 4085 210 4150; x_wconf 91' lang='lat'>¹)</span> <span class='ocrx_word' id='word_1_371' title='bbox 228 4083 321 4136; x_wconf 90' lang='lat' dir='ltr'>Pauca</span> <span class='ocrx_word' id='word_1_372' title='bbox 340 4081 430 4137; x_wconf 74' lang='lat' dir='ltr'>(licam</span> <span class='ocrx_word' id='word_1_373' title='bbox 448 4084 482 4137; x_wconf 89' lang='lat' dir='ltr'>de</span> <span class='ocrx_word' id='word_1_374' title='bbox 500 4083 655 4137; x_wconf 89' lang='lat' dir='ltr'>Bentleii</span> <span class='ocrx_word' id='word_1_375' title='bbox 675 4083 752 4151; x_wconf 89' lang='lat' dir='ltr'>(edit.</span> <span class='ocrx_word' id='word_1_376' title='bbox 771 4085 856 4154; x_wconf 87' lang='lat' dir='ltr'>praef.</span> <span class='ocrx_word' id='word_1_377' title='bbox 874 4103 901 4154; x_wconf 91' lang='lat' dir='ltr'>p.</span> <span class='ocrx_word' id='word_1_378' title='bbox 917 4085 994 4154; x_wconf 81' lang='lat' dir='ltr'>XIII)</span> <span class='ocrx_word' id='word_1_379' title='bbox 1014 4089 1115 4140; x_wconf 84' lang='lat' dir='ltr'>conatu</span> <span class='ocrx_word' id='word_1_380' title='bbox 1128 4087 1249 4157; x_wconf 86' lang='lat' dir='ltr'>Augusti</span> 
     </span>
     <span class='ocr_line' id='line_1_41' title="bbox 117 4167 1248 4239; baseline 0.005 -18"><span class='ocrx_word' id='word_1_381' title='bbox 117 4167 215 4232; x_wconf 85' lang='lat' dir='ltr'>aetati,</span> <span class='ocrx_word' id='word_1_382' title='bbox 232 4186 288 4222; x_wconf 89' lang='lat' dir='ltr'>non</span> <span class='ocrx_word' id='word_1_383' title='bbox 306 4169 389 4223; x_wconf 86' lang='lat' dir='ltr'>tertio</span> <span class='ocrx_word' id='word_1_384' title='bbox 408 4171 453 4224; x_wconf 89' lang='lat' dir='ltr'>vel</span> <span class='ocrx_word' id='word_1_385' title='bbox 471 4173 570 4238; x_wconf 87' lang='lat' dir='ltr'>quarto</span> <span class='ocrx_word' id='word_1_386' title='bbox 588 4189 615 4239; x_wconf 90' lang='lat' dir='ltr'>p.</span> <span class='ocrx_word' id='word_1_387' title='bbox 635 4169 697 4224; x_wconf 81' lang='lat' dir='ltr'>Chr.</span> <span class='ocrx_word' id='word_1_388' title='bbox 715 4188 742 4222; x_wconf 92' lang='lat' dir='ltr'>n.</span> <span class='ocrx_word' id='word_1_389' title='bbox 761 4171 884 4235; x_wconf 86' lang='lat' dir='ltr'>sacculo,</span> <span class='ocrx_word' id='word_1_390' title='bbox 909 4188 969 4224; x_wconf 90' lang='lat' dir='ltr'>eam</span> <span class='ocrx_word' id='word_1_391' title='bbox 991 4172 1025 4226; x_wconf 92' lang='lat' dir='ltr'>ob</span> <span class='ocrx_word' id='word_1_392' title='bbox 1048 4189 1105 4225; x_wconf 90' lang='lat' dir='ltr'>rem</span> <span class='ocrx_word' id='word_1_393' title='bbox 1124 4174 1248 4227; x_wconf 88' lang='lat' dir='ltr'>tribuen-</span> 
     </span>
     <span class='ocr_line' id='line_1_42' title="bbox 118 4255 1248 4330; baseline 0.005 -23"><span class='ocrx_word' id='word_1_394' title='bbox 118 4255 183 4308; x_wconf 90' lang='lat' dir='ltr'>dam</span> <span class='ocrx_word' id='word_1_395' title='bbox 205 4265 262 4308; x_wconf 88' lang='lat' dir='ltr'>esse</span> <span class='ocrx_word' id='word_1_396' title='bbox 285 4255 382 4325; x_wconf 87' lang='lat' dir='ltr'>poesin</span> <span class='ocrx_word' id='word_1_397' title='bbox 403 4257 591 4311; x_wconf 70' lang='lat' dir='ltr'>Manilianam&#39;</span> <span class='ocrx_word' id='word_1_398' title='bbox 613 4257 776 4322; x_wconf 88' lang='lat' dir='ltr'>statuentis,</span> <span class='ocrx_word' id='word_1_399' title='bbox 804 4257 870 4326; x_wconf 91' lang='lat' dir='ltr'>quia</span> <span class='ocrx_word' id='word_1_400' title='bbox 892 4261 976 4328; x_wconf 87' lang='lat' dir='ltr'>poeta</span> <span class='ocrx_word' id='word_1_401' title='bbox 998 4259 1088 4312; x_wconf 89' lang='lat' dir='ltr'>utitur</span> <span class='ocrx_word' id='word_1_402' title='bbox 1109 4260 1248 4330; x_wconf 76' lang='lat' dir='ltr'>genetiuis</span> 
     </span>
     <span class='ocr_line' id='line_1_43' title="bbox 117 4341 1247 4410; baseline 0.005 -16"><span class='ocrx_word' id='word_1_403' title='bbox 117 4341 355 4395; x_wconf 88' lang='lat' dir='ltr'>substantivorum</span> <span class='ocrx_word' id='word_1_404' title='bbox 372 4342 402 4395; x_wconf 94' lang='lat' dir='ltr'>in</span> <span class='ocrx_word' id='word_1_405' title='bbox 419 4343 475 4396; x_wconf 85' lang='lat' dir='ltr'>-ias</span> <span class='ocrx_word' id='word_1_406' title='bbox 493 4347 522 4397; x_wconf 90' lang='lat' dir='ltr'>et</span> <span class='ocrx_word' id='word_1_407' title='bbox 540 4345 608 4396; x_wconf 83' lang='lat' dir='ltr'>-iarn</span> <span class='ocrx_word' id='word_1_408' title='bbox 625 4343 785 4397; x_wconf 84' lang='lat' dir='ltr'>cadentium</span> <span class='ocrx_word' id='word_1_409' title='bbox 802 4362 858 4399; x_wconf 92' lang='lat' dir='ltr'>non</span> <span class='ocrx_word' id='word_1_410' title='bbox 877 4345 907 4398; x_wconf 94' lang='lat' dir='ltr'>in</span> <span class='ocrx_word' id='word_1_411' title='bbox 925 4347 971 4410; x_wconf 88' lang='lat' dir='ltr'>-ii,</span> <span class='ocrx_word' id='word_1_412' title='bbox 991 4345 1039 4399; x_wconf 90' lang='lat' dir='ltr'>sed</span> <span class='ocrx_word' id='word_1_413' title='bbox 1057 4346 1087 4404; x_wconf 90' lang='lat' dir='ltr'>iu</span> <span class='ocrx_word' id='word_1_414' title='bbox 1105 4349 1128 4399; x_wconf 95' lang='lat' dir='ltr'>-i</span> <span class='ocrx_word' id='word_1_415' title='bbox 1145 4363 1247 4401; x_wconf 85' lang='lat' dir='ltr'>excun-</span> 
     </span>
     <span class='ocr_line' id='line_1_44' title="bbox 118 4428 1247 4502; baseline 0.005 -20"><span class='ocrx_word' id='word_1_416' title='bbox 118 4428 202 4482; x_wconf 86' lang='lat' dir='ltr'>tibus.</span> <span class='ocrx_word' id='word_1_417' title='bbox 238 4428 322 4484; x_wconf 74' lang='lat' dir='ltr'>Guius</span> <span class='ocrx_word' id='word_1_418' title='bbox 339 4429 448 4497; x_wconf 83' lang='lat' dir='ltr'>generis</span> <span class='ocrx_word' id='word_1_419' title='bbox 466 4430 597 4498; x_wconf 77' lang='lat' dir='ltr'>&#39;genetivi</span> <span class='ocrx_word' id='word_1_420' title='bbox 619 4431 693 4500; x_wconf 88' lang='lat' dir='ltr'>apud</span> <span class='ocrx_word' id='word_1_421' title='bbox 712 4430 859 4484; x_wconf 84' lang='lat' dir='ltr'>Manilium</span> <span class='ocrx_word' id='word_1_422' title='bbox 877 4432 1009 4500; x_wconf 86' lang='lat' dir='ltr'>leguntur</span> <span class='ocrx_word' id='word_1_423' title='bbox 1030 4433 1075 4486; x_wconf 91' lang='lat' dir='ltr'>hi:</span> <span class='ocrx_word' id='word_1_424' title='bbox 1094 4433 1204 4502; x_wconf 71' lang='lat' dir='ltr'>Anniani</span> <span class='ocrx_word' id='word_1_425' title='bbox 1222 4435 1247 4488; x_wconf 93' lang='grc'>11</span> 
     </span>
    </p>
   </div>
   <div class='ocr_carea' id='block_1_4' title="bbox 0 0 1608 5276">
    <p class='ocr_par' dir='ltr' id='par_1_6' title="bbox 0 0 1608 5276">
     <span class='ocr_line' id='line_1_45' title="bbox 0 0 1608 5276; baseline 0 0"><span class='ocrx_word' id='word_1_426' title='bbox 0 0 1608 5276; x_wconf 95' lang='lat' dir='ltr'> </span> 
     </span>
    </p>
   </div>
  </div>
 </body>
</html>
