3208 5276
807 435 1019 494 ...10-

351 620 494 708 syllaba:
517 619 535 684 I
555 619 794 686 sternerentur
836 617 1136 684 11762616661116
1175 615 1229 681 III
1255 619 1315 680 125
1337 613 1491 680 diataeni

351 727 411 790 130
444 724 577 806 specioso
621 727 685 789 434
723 723 905 789 breviantan
959 721 991 787 V
1028 725 1089 787 257
1129 719 1328 803 bpanntbos3
1379 720 1487 785 verba

350 828 579 916 pentasyllaba
611 828 649 892 in·
679 833 826 894 extremo
857 826 1051 892 hexametro
1078 825 1217 910 legimus
1246 825 1345 890 haec:
1381 823 1490 888 1354

355 933 517 1014 Cassiepia
571 934 633 998 686
682 931 861 1013 Cassiepiae
919 930 954 995 ΙΙ
1003 932 1063 994 716
1105 929 1323 994 attribuantur
1377 928 1409 993 V
1444 929 1489 992 97

353 1036 639 1118 Bellerophontem
665 1035 724 1101 sed
740 1034 986 1100 memorandum
1005 1034 1134 1099 videtur
1155 1034 1256 1099 verbo
1280 1032 1489 1120 polysyllabo

352 1140 553 1227 praecedere
586 1139 850 1226 monosyllabum
882 1139 964 1203 locis
995 1138 1064 1202 his:
1098 1139 1116 1202 I
1145 1139 1195 1202 35.
1220 1141 1292 1204 354,
1337 1137 1490 1202 111125.

355 1245 425 1312 130.
450 1246 523 1311 434.

790 1345 848 1410 De
872 1344 1061 1410 caesuris.

440 1468 486 1532 Ut
523 1467 611 1555 apud
641 1474 769 1534 ceteros
807 1474 923 1554 poetas
959 1467 1096 1531 Latinos
1132 1464 1179 1530 ita
1206 1463 1293 1551 apud
1315 1461 1491 1529 Manilium
1595 1519 1596 1522 ,

355 1590 565 1638 caesurarum
595 1573 693 1658 longe
721 1571 937 1638 usitatissima
967 1576 1018 1636 est
1040 1589 1177 1634 caesura
1199 1569 1490 1656 penthemimeres,

354 1677 395 1742 ad
426 1698 522 1762 quam
550 1700 651 1765 prope
680 1678 807 1743 accedit
838 1699 878 1743 66
900 1675 1201 1763 hephthcmimeres
1226 1674 1367 1761 species,
1390 1693 1490 1758 quam

353 1781 393 1845 L.
408 1781 550 1846 Mueller
572 1783 606 1845 in
627 1782 705 1847 libri
729 1782 769 1847 de
791 1803 827 1847 ro
850 1782 986 1847 metrica
1008 1803 1040 1867 p.
1060 1781 1120 1845 198
1143 1779 1248 1866 primo
1271 1779 1343 1842 loco
1366 1778 1489 1865 posuit,
1595 1821 1596 1826 η

353 1885 387 1950 id
419 1893 470 1952 est
500 1886 801 1974 hephthemimeres
832 1889 1020 1954 consociata
1049 1908 1122 1952 eum
1146 1886 1407 1973 penthemimere
1430 1886 1488 1966 ita,
1552 1951 1554 1955 .

356 1995 393 2054 ut
415 1997 492 2077 post
515 1997 662 2075 quartam
685 1992 794 2057 thesin
821 1991 953 2060 finiatur
983 1991 1161 2068 sententia3
1198 2009 1264 2055 non
1286 1990 1393 2055 minus
1418 1990 1488 2054 iere
1595 1981 1596 2010 ⁴

357 2115 456 2181 saepe
480 2094 646 2160 invenitur
668 2117 709 2161 ea
732 2117 887 2162 caesurae
911 2096 1049 2183 species,
1073 2116 1171 2181 quam
1193 2095 1296 2160 habes
1319 2095 1368 2158 in:

509 2198 681 2280 infandam
700 2200 705 2286 Ι
724 2200 835 2284 rapina
853 2200 858 2285 Ι
877 2200 964 2265 tabes
983 2200 988 2284 Ι
1006 2219 1157 2264 renovare
1180 2198 1324 2265 deterens.

355 2300 569 2386 Reliquorum
592 2325 747 2372 caesurae
770 2305 1072 2392 hephthemimores
1095 2324 1253 2389 generum
1270 2323 1366 2368 usum
1382 2301 1485 2366 multo
1595 2311 1596 2354 l

356 2407 530 2474 artioribus
553 2409 672 2475 finibus
702 2411 956 2498 circumscripsit
979 2409 1151 2474 Manilius:
1179 2407 1489 2495 hephthemimeren

356 2532 431 2576 eum
454 2513 691 2580 trithemimerc
716 2516 785 2580 sine
810 2536 948 2580 caesura
968 2513 1067 2579 tertia
1090 2513 1257 2578 trochaica
1273 2512 1488 2592 coniunctam,
1595 2523 1596 2544 ¹

356 2635 453 2700 quam
486 2615 524 2680 L.
548 2615 689 2682 Mueller
699 2617 725 2702 1)
761 2617 955 2704 quadragies
992 2618 1094 2682 octies
1128 2617 1215 2703 apud
1248 2616 1419 2681 Manilium
1454 2636 1489 2679 se

356 2718 521 2784 invenisse
545 2720 723 2803 contendit,
753 2743 814 2807 ego
837 2722 889 2786 his
912 2723 1062 2789 versibus
1087 2721 1302 2807 quadraginta
1324 2741 1385 2785 sex
1407 2719 1488 2804 legi:
1594 2733 1596 2810 y

356 2821 448 2888 131.
479 2824 550 2887 216.
583 2826 655 2889 316.
686 2827 758 2889 467.
787 2827 860 2889 546.
890 2828 963 2890 639.
994 2829 1065 2892 660.
1090 2825 1392 2890 6969131191.
1420 2826 1490 2886 145.
1595 2819 1596 2832 ’

359 2927 430 2990 168.
448 2927 518 2993 218.
544 2928 616 2993 285.
641 2931 714 2994 382.
739 2934 812 2994 411.
837 2932 910 2994 463.
934 2931 1006 2994 476.
1030 2932 1102 2995 686.
1127 2931 1199 2994 748.
1223 2931 1296 2994 871.
1321 2931 1394 2993 905.
1418 2930 1489 2992 919.

356 3028 409 3092 ΠΙ
433 3032 504 3094 129.
538 3035 608 3099 136.
642 3035 712 3100 182.
744 3037 816 3099 279.
847 3036 919 3099 350.
948 3038 1021 3101 404.
1050 3036 1122 3098 462.
1152 3035 1322 3098 568616.
1366 3031 1416 3096 IV
1440 3035 1488 3094 71.
1595 3033 1596 3117 l

357 3135 431 3301 ί666.
456 3135 531 3299 por.
558 3139 632 3203 161.
662 3139 737 3202 aa.
761 3141 834 3206 466.
859 3139 1028 3202 461466.
1053 3140 1125 3203 roe.
1169 3137 1201 3201 v
1224 3139 1297 3202 116.
1322 3139 1394 3200 666.
1418 3137 1489 3200 666.
1595 3121 1596 3182 ³

380 3239 430 3301 e.
477 3239 526 3301 sc.
1595 3237 1596 3244 ¹

443 3341 762 3428 Hephthemimeren
797 3344 1003 3409 coniunctam
1037 3365 1109 3408 oum
1140 3364 1276 3408 caesura
1303 3343 1401 3408 tertia
1422 3348 1488 3406 tro·
1595 3423 1596 3432 ἢ

358 3443 473 3510 ahaioa
494 3445 651 3511 undecies
674 3446 762 3533 apud
776 3447 948 3513 Manilium
971 3447 1173 3534 deprehendi
1195 3447 1276 3512 locis
1293 3446 1362 3510 his:
1384 3445 1488 3509 1510.
1595 3447 1596 3464 ¹

358 3551 434 3614 513.
452 3551 524 3613 666.
542 3552 615 3614 oea.
660 3550 811 3618 111666.
855 3551 905 3616 rv
928 3538 999 3617 cri.
1026 3555 1099 3617 611.
1124 3554 1195 3616 ceo.
1222 3553 1293 3615 161.
1319 3552 1390 3616 rte.
1416 3552 1488 3625 166

358 3654 392 3718 in
427 3653 512 3718 libro
546 3653 691 3720 secundo
725 3657 870 3742 itemque
905 3658 939 3721 in
973 3657 1057 3721 libro
1093 3657 1206 3742 quinto
1241 3656 1488 3726 611666661166
1595 3672 1596 3696 ³

358 3758 483 3822 nullum
507 3760 695 3844 exemplum
717 3761 851 3826 memini
876 3783 928 3825 me
951 3762 1073 3846 legere.
1135 3760 1300 3825 (laesurae
1329 3759 1488 3845 hephthe-

358 3863 513 3928 mimeres
549 3885 621 3927 oum
654 3864 744 3929 nulla
779 3867 844 3931 alia
875 3886 1012 3931 caesura
1042 3865 1234 3930 coniunctae
1258 3865 1382 3929 nullum
1405 3861 1489 3950 apud

359 3963 529 4030 Manilium
562 3972 653 4032 extat
684 3972 887 4056 exemplum
918 3969 1066 4034 eiusdem
1089 3990 1246 4036 caesurae
1271 3975 1368 4033 sexta
1391 3965 1489 4053 (apud

358 4068 396 4134 L.
420 4069 631 4157 Muellerum)
657 4073 786 4158 species
811 4075 916 4138 semel
938 4095 958 4138 a
980 4073 1115 4138 Manilio
1139 4079 1295 4160 usurpata
1318 4078 1384 4137 est:

358 4185 393 4251 Π
408 4191 481 4255 221.
503 4187 788 4272 Santpaibnsesse
801 4190 936 4278 latisana
950 4192 953 4280 1
964 4194 1074 4274 piacet,
1086 4192 1096 4279 11
1107 4212 1186 4274 qnae
1198 4191 1338 4259 inescata
1349 4194 1487 4274 serpant.

431 4379 451 4447 ¹)
470 4377 504 4432 de
521 4396 550 4432 re
568 4379 684 4434 metrica
702 4399 729 4450 p.
747 4380 807 4436 202.
