3208 5276
571 455 783 520 ..410

107 645 221 732 porale
244 642 423 711 secundum
444 645 570 711 locum:
595 645 612 710 Ι
628 650 701 713 401.
720 649 791 711 421.
809 648 880 712 819.
898 649 971 714 851.
988 647 1062 714 872.
1100 640 1241 712 111116.

110 751 182 816 173.
206 751 278 814 439.
303 752 374 814 635.
412 749 462 814 IV
486 752 557 816 218.
588 752 660 815 389.
699 751 730 815 V
753 751 832 834 365,
864 752 1012 817 tertium:
1043 751 1078 816 Π
1102 752 1163 814 772
1187 747 1242 830 (ex

108 853 192 918 coni.
228 852 410 939 scaligeri).
446 853 499 917 III
536 857 604 918 186.
638 857 710 920 486.
754 854 802 918 IV
827 857 888 919 525
901 856 934 942 ¹).
963 858 1035 920 659.
1066 857 1136 919 747.
1168 855 1242 920 892.

107 955 139 1020 V
166 958 235 1020 128.
259 958 331 1022 417.
359 961 429 1023 541.
456 959 527 1022 632.
552 960 624 1023 694.
652 961 730 1040 697,
760 964 927 1043 quartum:
963 960 1075 1024 1917.
1111 957 1146 1021 Π
1169 958 1241 1022 334.

108 1064 271 1127 475569.
309 1063 449 1126 111422.
487 1063 709 1130 17144539.
748 1064 841 1129 739.
858 1066 930 1144 234,
954 1064 1115 1150 quintum:
1139 1062 1239 1126 1886.

389 1269 623 1336 Particulee
648 1269 957 1336 condicionales.

196 1389 362 1457 sincero
386 1391 458 1455 loco
482 1392 636 1456 occurrit:
661 1391 765 1457 1462.
800 1392 921 1456 11333.
940 1393 1010 1454 413.
1028 1392 1101 1493 951..
1125 1389 1237 1472 115771

108 1495 225 1559 tertio:
249 1494 266 1558 1
290 1496 362 1560 648.
398 1494 451 1558 ΠΙ
477 1496 546 1561 189.
572 1497 643 1559 457.
678 1495 828 1572 Ivem,
853 1503 981 1581 quarto:
1005 1494 1103 1559 1196
1134 1492 1240 1577 (codd.

107 1598 164 1676 sic,
188 1620 231 1662 ex
255 1599 338 1668 coni.
361 1597 537 1684 Bontleii);
568 1598 652 1662 cisi
675 1599 817 1663 secundo
841 1600 912 1664 loco
936 1598 1068 1683 legitur:
1092 1597 1144 1660 III
1168 1601 1240 1666 596.

107 1699 159 1764 IV
183 1703 233 1770 49.

233 1855 473 1921 Particulae
496 1855 648 1922 finales
672 1862 711 1922 et
732 1860 775 1920 ut
797 1857 1117 1924 consecutivum.

202 1975 246 2044 Ut
268 1977 321 2041 vel
343 1975 403 2040 aa?
427 1977 567 2042 alterum
589 1978 695 2042 locum
721 1978 864 2044 obtinet:
888 1978 904 2042 1
928 1981 977 2043 29.
1002 1980 1052 2042 35.
1070 1979 1141 2060 253.
1166 1979 1241 2044 459.

106 2078 146 2144 II
163 2081 223 2144 298
248 2079 306 2162 (ex
330 2081 412 2145 coni.
431 2079 614 2167 Scaligeri).
639 2083 710 2147 438.
735 2085 806 2146 451.
830 2085 902 2148 479.
921 2084 992 2145 517.
1027 2081 1241 2147 11166388.

107 2184 185 2246 466.
220 2185 291 2247 473.
324 2186 395 2248 522.
427 2186 490 2249 549
522 2184 579 2268 (ex
609 2185 693 2250 coni.
728 2184 913 2271 Scaligeri).
952 2184 1001 2249 IV
1024 2186 1073 2249 62.
1112 2183 1241 2250 11361.

107 2291 173 2350 545
186 2285 229 2370 2);
263 2287 412 2352 tertium:
436 2287 454 2351 I
477 2291 550 2354 549.
582 2287 710 2353 11734.
743 2288 973 2354 111168175.
1006 2286 1055 2351 IV
1072 2288 1145 2352 467.
1162 2289 1241 2364 862;

107 2396 278 2476 quartum:
302 2391 337 2455 II
359 2394 439 2468 692;
461 2411 503 2455 rte
527 2393 664 2456 alterum
687 2393 810 2457 locum:
834 2391 977 2456 111266.
1010 2389 1241 2468 17645.931;

106 2496 260 2560 tertium:
284 2495 387 2564 1458.
422 2496 547 2563 11786.
582 2496 634 2560 ΠΙ
657 2498 730 2571 148;
754 2502 916 2581 quartum:
940 2495 1066 2572 11156;
1090 2495 1238 2580 quintum

107 2600 232 2664 locum:
257 2599 292 2664 II
317 2602 386 2665 738.

401 2772 643 2838 Particulae
667 2769 948 2837 concessivae.

197 2893 248 2959 De
286 2895 454 2981 particulis
493 2895 692 2960 concessivis
730 2912 957 2975 quamquam
1000 2894 1102 2959 semel
1143 2893 1240 2958 tertio

109 2998 275 3066 enuntiati
298 3001 370 3064 loco
395 3000 556 3066 collocata
579 3006 646 3066 est:
670 3000 705 3063 II
728 3000 800 3063 829.

386 3207 631 3272 Particulae
656 3203 970 3291 comparativae.

204 3325 252 3392 Ur
294 3328 549 3414 comparativum
582 3329 721 3392 alterum
763 3324 922 3392 enuntiati
956 3325 1065 3389 locum
1099 3324 1240 3389 obtinet:

112 3430 152 3494 II
175 3432 247 3494 273.
280 3430 334 3495 IH
360 3434 429 3497 126.
466 3432 498 3496 V
520 3437 599 3508 444;
621 3432 723 3497 sicut
743 3431 890 3497 tertium:
914 3427 967 3493 III
990 3431 1061 3496 262.

107 3647 202 3741 ritum
225 3683 341 3740 horrens
359 3686 396 3740 M.
433 3685 527 3741 Tertio
554 3687 614 3741 loco
639 3685 773 3740 oIccobc
796 3685 900 3741 iniuria
926 3685 1049 3757 positum
1076 3686 1118 3739 est
1136 3683 1161 3740 V
1180 3685 1242 3749 631;

109 3771 229 3832 GCLV2
242 3772 271 3827 M
289 3772 424 3843 praebent
450 3773 586 3827 interdum
601 3773 698 3842 poenis
715 3772 839 3840 irroaic,
856 3773 893 3832 V2
910 3771 1008 3841 poenis
1024 3771 1118 3826 nocto.

186 3879 206 3945 ¹)
223 3877 335 3946 profert
360 3891 419 3930 cum
445 3876 536 3931 uincta
564 3876 588 3931 G
614 3878 643 3930 et
665 3875 686 3929 L
706 3876 780 3946 (post
806 3873 1023 3940 correctionem),
1049 3874 1158 3943 profert
1184 3890 1243 3928 cum

109 3961 189 4018 unda
207 3962 229 4016 L
248 3965 324 4032 (ante
343 3961 550 4031 correctionem)
569 3961 661 4027 517.,
688 3978 748 4016 cum
763 3960 873 4031 profert
891 3960 942 4024 Vm
969 3959 1079 4028 profert
1105 3977 1163 4016 cum
1181 3961 1242 4014 oin·

110 4049 177 4104 culo
195 4051 267 4122 repit
284 4049 321 4104 M.
334 4051 345 4117 t)
369 4051 389 4118 ἱ)
407 4050 452 4104 act
477 4065 527 4119 per
554 4048 748 4118 compendium
767 4047 919 4117 scripturae
938 4047 1016 4100 extat
1032 4045 1063 4100 in
1081 4046 1112 4101 G.

576 4257 617 4264 na-
631 4258 662 4266 ---
670 4257 724 4264 .-.-
