3208 5276
567 433 780 502 ⁴...essim

105 627 250 695 servavit
282 637 380 716 poeta
415 626 514 719 etiam
542 629 575 694 in
613 629 725 715 quinto
759 627 844 694 libro
879 647 1032 716 magnum
1064 646 1234 696 numerum

104 735 370 821 metaphorarum
387 739 420 799 et
435 733 642 820 periodorum
660 755 719 820 per
735 734 853 798 multos
866 753 980 799 versus
993 735 1234 822 productorum,

103 859 211 924 neque
234 838 353 903 desunt
387 837 585 918 antitheses,
627 837 891 912 allitterstiones,
927 839 1019 902 lusus
1049 840 1234 920 verborum,

105 942 240 1022 similia,
271 941 429 1028 equibus
459 940 573 1026 liguris
601 941 663 1005 hoc
693 940 726 1004 in
753 941 860 1026 capite
893 962 949 1006 eas
978 941 1124 1022 enotavi,
1153 962 1236 1027 quae

104 1046 247 1110 maxime
288 1045 406 1130 dignae
446 1050 537 1125 sunt,
571 1066 655 1130 quae
691 1051 997 1126 commemorentur,
1035 1067 1108 1110 cum
1140 1045 1238 1110 simul

103 1156 236 1236 poetam
259 1150 376 1236 poesin
398 1150 432 1213 in
454 1148 539 1213 ludis
562 1148 734 1214 rhetoricis
758 1148 909 1214 didicisse
933 1171 992 1214 nos
1015 1149 1165 1215 doceant.

529 1338 811 1403 Abundantia.

190 1459 422 1526 Abundantius
445 1462 598 1548 exempla
622 1483 775 1526 enumero
799 1461 895 1526 haec:

173 1562 238 1617 197
256 1563 437 1631 clepsisset
454 1561 557 1631 furto
575 1561 710 1616 mundum.
747 1563 796 1616 197
824 1563 918 1630 sugit
944 1562 975 1616 in
1001 1562 1128 1631 infernos
1150 1561 1239 1632 colico

104 1649 208 1718 pulsa
234 1649 368 1704 tenebras.
404 1649 453 1704 181
482 1665 538 1718 qua
564 1648 662 1704 cadat
686 1652 714 1702 et
737 1650 855 1704 subeat
882 1649 991 1702 caelum.
1032 1649 1084 1704 820
1109 1650 1240 1704 urescit

107 1735 261 1789 torridus
279 1752 335 1789 aer.
371 1735 422 1789 834
442 1733 617 1789 resistunt
638 1741 723 1789 natu
745 1735 874 1790 tenebris.
913 1735 941 1789 H
959 1736 1009 1790 714
1030 1751 1063 1788 ne
1080 1752 1184 1806 napus
1204 1765 1235 1776 -·

106 1837 210 1876 erres.
247 1821 295 1875 737
315 1821 386 1875 siccet
402 1823 495 1874 stant
513 1826 594 1876 astru
612 1821 761 1888 locatam
803 1821 843 1874 ΙΠ
865 1819 914 1873 311
936 1821 1125 1888 manifesta
1147 1823 1241 1890 patet

106 1907 481 1976 falsifallociarnunds'.
516 1907 566 1961 389
585 1924 618 1964 ne
635 1907 757 1976 falsus
777 1905 863 1960 dubia
881 1907 989 1961 ratione
1006 1913 1098 1962 erret.
1133 1907 1240 1961 1v124

106 1994 197 2049 diues
215 1993 372 2062 fecundis
390 1994 474 2048 Aries
492 1996 521 2048 iu
540 1995 639 2048 vellere
658 1995 740 2049 tanis.
776 1986 827 2048 884
850 1999 953 2062 capto
970 1993 1114 2062 potimur·
1132 1993 1240 2047 inundo.

107 2081 129 2132 V
150 2081 200 2134 732
219 2086 284 2150 quot
302 2080 447 2148 delapsa
465 2080 590 2136 cadant
607 2080 740 2148 foliorum
757 2080 843 2134 mitio.
861 2093 864 2099 ’
880 2081 913 2133 cf.
933 2079 1017 2133 etiam
1036 2079 1061 2133 V
1078 2079 1130 2132 464
1147 2081 1240 2133 sotem-

107 2182 160 2235 que
176 2181 314 2220 reuersum
332 2168 356 2219 et
372 2181 499 2220 caecum
518 2167 591 2220 siue
608 2167 706 2235 sote²)
725 2166 803 2221 dieru.

498 2339 854 2405 Allittcrationes.

200 2459 501 2527 Allitterationibus
525 2469 623 2548 poeta
647 2461 838 2548 saepissime
861 2483 940 2525 usus
964 2467 1029 2536 est;
1053 2460 1144 2525 cuius
1167 2481 1241 2523 curn

107 2564 243 2648 longum
265 2564 308 2628 sit
330 2566 438 2630 omnia
455 2568 606 2653 exempla
623 2586 825 2648 enumerare,
849 2586 1013 2654 perpauca
1036 2570 1070 2628 et
1091 2565 1240 2629 luculen-

107 2667 236 2731 tissima
259 2667 424 2734 delibasse
448 2669 603 2734 sufficiat:

177 2770 192 2824 Ι
210 2769 225 2821 7
244 2799 276 2808 -
290 2771 412 2838 patriae
430 2772 619 2842 princepsque
634 2777 781 2842 paterque.
795 2772 835 2840 ΙΙΙ
853 2771 901 2825 171
925 2774 1036 2840 Ictaque
1053 2775 1153 2824 contre
1170 2768 1242 2828 cetis

108 2856 266 2910 consistunt
290 2873 412 2928 corpora
431 2859 562 2930 plagiati
581 2857 665 2913 1230
687 2858 743 2912 Sed
768 2859 835 2928 quia
854 2875 907 2927 per
929 2863 1039 2912 teretem
1062 2856 1179 2920 deductu
1202 2861 1243 2910 est

109 2947 188 2998 terra
206 2947 345 3000 tumorem.
359 2949 369 3015 ΙΙ
387 2947 401 3001 Ι
417 2947 468 3002 969
496 2949 531 3000 Iu
548 2947 632 3002 cuius
651 2945 771 3002 caudam
789 2949 916 3000 contento
935 2946 1031 3014 diripit
1049 2961 1125 3000 areu.
1138 2945 1174 3013 ΙΙΙ
1191 2945 1242 3000 329

112 3031 194 3084 Tunc
216 3031 306 3086 siloas
329 3036 355 3086 et
374 3049 450 3088 scca
473 3033 599 3098 trahens,
623 3051 695 3088 nune
711 3033 807 3088 sidera
825 3033 909 3088 ducit.
922 3034 933 3099 ΙΙ
949 3033 963 3086 I
980 3032 1031 3086 396
1062 3032 1245 3101 Subsequitur

109 3116 212 3186 rapido
230 3121 360 3174 contento
381 3120 517 3174 Canicula
534 3136 631 3174 cursu.
649 3122 660 3188 Ι)
680 3119 763 3174 1405
786 3119 867 3172 Belia
888 3118 962 3181 facit
981 3132 1130 3187 pacemque
1148 3120 1243 3182 refert,

110 3205 244 3274 uarieque
261 3213 410 3262 reuertens.
424 3207 460 3275 ΙΙΙ
478 3206 530 3262 406
556 3207 602 3261 stc
618 3212 721 3272 moret,
740 3208 772 3259 ut
788 3205 861 3260 vidit
878 3204 1024 3268 mundum,
1042 3206 1177 3274 vultuque
1193 3221 1243 3275 pu-

111 3291 216 3345 beruat.
234 3294 245 3359 ΙΙ
265 3291 279 3345 Ι
296 3292 347 3345 647
373 3291 488 3360 Exiguo
507 3291 643 3347 dirimeres
661 3292 780 3347 solidum
798 3290 960 3345 discrimine
981 3307 1121 3346 summurn.
1134 3293 1146 3360 Ι)
1162 3292 1176 3346 Ι
1193 3289 1245 3345 605

109 3377 200 3445 Seque
222 3379 317 3431 secant
337 3377 443 3447 pessino
461 3384 590 3432 coeuntes
608 3379 724 3432 cordine
741 3378 844 3432 usundi.
858 3379 869 3446 1)
884 3378 897 3431 Ι
915 3377 966 3431 804
996 3377 1050 3446 Qui
1066 3377 1172 3432 uirtute
1188 3392 1245 3431 suu

110 3463 215 3517 similes
237 3463 360 3533 uestigio
386 3466 507 3531 inrepunt.
527 3467 537 3531 Ι)
558 3464 572 3518 Ι
593 3465 644 3518 883
671 3465 792 3519 Publice
814 3463 954 3518 succensis
976 3468 1156 3532 peraguntur
1180 3463 1245 3530 fato

110 3549 254 3618 sepulcris.
268 3550 304 3618 ΙΙΙ
321 3550 372 3603 913
388 3551 499 3619 Perque
516 3551 617 3618 patris
631 3557 720 3618 pater
740 3554 882 3618 Augustus
898 3550 1019 3619 uestigio
1035 3551 1111 3605 uicit.
1133 3552 1144 3618 Ι)
1171 3549 1244 3603 1167

114 3636 195 3706 Quod
220 3637 278 3690 nisi
303 3639 431 3705 copnotis
457 3637 594 3692 membris
620 3643 751 3692 contecto
777 3639 916 3691 moneret.
929 3639 940 3704 1)
956 3637 984 3691 H
1002 3636 1052 3690 138
1079 3635 1135 3691 Sed
1164 3634 1244 3689 sotus

111 3738 203 3776 uacuo
221 3724 309 3778 ueluti
319 3727 443 3778 uectatus
461 3724 490 3777 in
509 3724 581 3779 orte.
594 3724 708 3793 1111916
728 3723 825 3778 Omnia
842 3724 977 3777 dicuntur
994 3722 1082 3776 simili
1098 3720 1151 3774 sub
1170 3721 1245 3774 sorte

113 3810 253 3878 (tinnuli
270 3810 297 3863 II
314 3807 365 3863 437
395 3808 524 3864 Condidit
545 3817 570 3864 et
590 3810 689 3864 uarius
711 3824 794 3864 sucro
818 3811 872 3866 sut
894 3809 1001 3864 nomine
1017 3808 1100 3864 uires.
1118 3810 1129 3876 Ι)
1149 3807 1176 3861 Π
1193 3805 1244 3860 446

186 4033 206 4102 1)
226 4031 400 4101 Quamquam
416 4032 533 4086 standi
550 4031 634 4086 verbo
646 4030 779 4086 Manilius
792 4047 874 4102 saepe
884 4029 1049 4085 Lucretiano
1062 4045 1136 4084 more
1149 4027 1246 4092 utitur,

114 4119 148 4174 cf.
167 4119 316 4174 Bechert
345 4119 363 4174 l.
382 4119 400 4173 l.
430 4137 457 4190 p.
475 4119 517 4173 31.
539 4121 550 4187 Ι)
577 4121 598 4187 ²)
626 4119 658 4173 ef.
687 4118 848 4172 Iohannis
874 4117 1020 4172 Vahleni
1046 4115 1183 4188 praelatio
1210 4115 1246 4168 ad

115 4205 236 4262 Senecae
265 4205 367 4275 dialog.
393 4204 435 4259 ed.
463 4204 541 4258 Koch
564 4203 654 4272 (1879)
673 4221 736 4274 pag.
755 4204 795 4269 X,
821 4203 870 4272 qui
897 4220 930 4256 ex
948 4202 1114 4257 Lucretiano
1137 4202 1169 4268 (V
1187 4202 1248 4268 841)

113 4294 202 4347 muta
220 4292 294 4346 sine
312 4307 368 4345 ore
386 4292 479 4360 etiarn,
507 4291 578 4343 sine
603 4291 693 4344 uoltu
719 4305 821 4346 coeca
848 4295 958 4360 reperta
987 4288 1057 4342 illud
1084 4287 1248 4357 expressisse

114 4377 263 4432 Manilium
282 4377 385 4432 docuit.

1007 4462 1038 4516 4.
