3208 5276
824 449 1036 518 ..42-

785 745 810 812 0
823 748 854 813 Α
865 747 893 812 Ρ
905 746 936 812 U
948 746 975 812 Τ
1008 745 1067 814 IV.

650 907 699 964 De
722 905 858 964 Manilii
879 907 999 976 figuris
1023 910 1058 962 et
1080 907 1199 976 tropis.

447 1056 528 1122 Cum
551 1058 589 1140 is,
613 1059 669 1144 qui
693 1079 824 1122 carmen
848 1057 888 1122 de
912 1077 975 1143 quo
999 1057 1126 1142 agimus
1143 1055 1335 1142 composuit,
1359 1054 1505 1138 linguae

360 1159 498 1225 Latinae
531 1182 596 1226 non
626 1161 705 1226 satis
736 1182 868 1248 compos
899 1160 1012 1240 fuerit,
1044 1167 1076 1224 et
1099 1158 1270 1224 Bentleius
1295 1165 1328 1223 et
1350 1157 1504 1221 Iacobus

360 1272 448 1331 recte
483 1266 645 1331 iudicasse
681 1266 832 1332 ridentur
865 1266 1074 1352 peregrinum
1109 1286 1183 1330 eum
1218 1264 1319 1329 fuisse
1355 1270 1503 1328 conten-

362 1368 492 1448 dentes,
524 1391 631 1456 neque
655 1374 765 1434 tamen
789 1375 876 1434 certo
900 1368 1040 1450 dixeris,
1071 1375 1179 1432 utrum
1210 1390 1253 1433 ex
1281 1368 1362 1432 Asia
1383 1389 1424 1432 an
1450 1390 1505 1432 ex

360 1472 473 1538 Africa
495 1472 667 1539 aliundene
690 1471 846 1537 oriundus
869 1471 985 1548 fuerit3
1009 1493 1087 1536 sane
1108 1471 1239 1556 quidem
1260 1472 1342 1536 nihil
1364 1472 1397 1536 in
1420 1493 1502 1536 ser-

358 1598 454 1643 mone
493 1583 609 1663 poetae
651 1577 751 1658 inest,
792 1574 879 1640 unde
916 1575 1147 1640 concludamus
1184 1575 1374 1640 Africanum
1414 1597 1501 1640 eum

358 1681 471 1746 fuisse.
516 1679 634 1766 Itaque
657 1701 722 1744 non
745 1686 796 1744 est
811 1678 993 1743 mirandum
1007 1678 1151 1743 defuisse
1166 1686 1283 1766 poetae
1300 1679 1500 1745 facultatem

359 1789 587 1870 argumentum
610 1782 742 1847 difficile
766 1783 933 1847 inversus
957 1781 1137 1868 redigendi,
1162 1782 1257 1868 quod,
1280 1789 1316 1846 ut
1339 1783 1409 1870 ipse
1432 1783 1501 1858 ait,

360 1909 457 1955 nemo
481 1894 557 1953 ante
584 1887 691 1974 ipsum
720 1909 761 1952 ex
793 1886 899 1973 poetis
920 1885 1079 1951 Romanis
1110 1893 1316 1973 susceperat,
1350 1887 1445 1972 idque
1476 1909 1499 1951 a

361 1997 546 2056 ceterorum
568 1996 739 2075 poetarum
762 1989 904 2074 Augusti
933 1990 1118 2075 aequalium
1145 1996 1338 2074 argumento
1367 1996 1500 2054 tantum

361 2094 535 2181 discrepat,
558 2100 594 2158 ut
616 2099 786 2180 poetarum
808 2093 938 2157 illorum
962 2095 1112 2180 exempla
1134 2094 1299 2158 rarissime
1317 2094 1417 2180 sequi
1430 2116 1497 2180 po-

359 2199 473 2274 tuerit;
510 2198 608 2262 immo
644 2218 716 2262 cum
745 2197 924 2282 legentium
953 2198 1078 2262 animos
1107 2198 1252 2262 novitate
1284 2197 1332 2261 rei
1363 2219 1398 2262 se
1428 2197 1497 2262 sibi

362 2304 606 2369 conciliaturum
624 2323 697 2368 esse
715 2309 872 2389 speraret,
887 2324 1004 2389 parare
1022 2303 1086 2368 sibi
1101 2323 1284 2367 sermonem
1299 2309 1496 2388 argumento

361 2408 514 2473 carminis
539 2407 589 2472 sui
606 2414 723 2493 ‘aptum
752 2414 882 2472 coactus
916 2413 981 2485 est,
1009 2413 1046 2471 ut
1074 2405 1276 2471 inconditum
1305 2405 1497 2471 docentium

363 2533 546 2578 sermonem
567 2512 711 2577 numeris
734 2511 902 2597 dactylicis
934 2510 1163 2596 adstringeret.
1212 2511 1297 2575 Nam
1325 2531 1408 2595 quae
1431 2531 1494 2596 po-

364 2622 450 2682 terat
472 2617 609 2681 materia
632 2616 768 2702 reperiri
797 2615 1043 2680 difficultatibus
1073 2615 1176 2699 magis
1199 2613 1389 2678 abundans?
1420 2611 1495 2685 Quo

363 2720 485 2784 factum
508 2726 569 2800 est,
592 2725 628 2782 ut
651 2741 690 2784 eo
706 2719 777 2806 ipso
793 2725 952 2806 tempore,
976 2739 1037 2803 quo
1054 2719 1164 2806 poesis
1180 2718 1329 2790 Romana
1344 2718 1495 2796 florebat,

364 2844 494 2888 carmen
525 2828 672 2887 oreretur
702 2843 814 2908 parum
847 2823 1001 2909 politum,
1038 2824 1128 2887 cuius
1156 2823 1277 2886 multae
1309 2820 1494 2886 sententiae

362 2927 471 2990 lucem
494 2924 698 3002 desiderant;
722 2926 807 3010 quod
827 2927 882 3011 qui
906 2926 1045 2991 confecit
1067 2932 1165 3013 poeta
1186 2947 1297 3012 saepe,
1321 2931 1358 2987 ut
1379 2923 1495 2988 Iacobi

363 3028 473 3094 verbis
496 3036 580 3110 utar,
605 3029 756 3114 »linguae
779 3023 908 3115 legibus
933 3031 998 3093 vim
1021 3029 1124 3110 affert,
1149 3067 1188 3076 —
1211 3036 1248 3094 ut
1270 3028 1366 3093 modo
1388 3027 1493 3104 libero

364 3133 477 3197 volatu
500 3153 573 3197 sese
598 3133 730 3214 efferat,
758 3133 854 3198 modo
883 3134 1021 3210 licenter
1044 3133 1151 3198 verbis
1182 3132 1325 3197 abundet
1359 3153 1397 3195 ac
1428 3153 1494 3196 non

365 3235 440 3322 quid
463 3236 543 3300 velit
566 3236 685 3318 dicere,
710 3236 768 3301 sed
791 3257 853 3322 quo
876 3237 1072 3323 abripiatur,
1097 3237 1181 3300 trahi
1204 3236 1371 3317 videatur,
1394 3235 1491 3300 modo

365 3340 557 3416 aridissima
571 3361 679 3405 rerum
702 3341 872 3405 ieiunitate
904 3362 962 3427 per
991 3342 1104 3405 inanes
1133 3343 1210 3406 artis
1239 3363 1393 3406 numeros
1418 3362 1492 3405 eva-

365 3450 459 3530 gatus
482 3465 541 3508 nos
563 3443 735 3529 defatiget,
759 3442 856 3507 modo
881 3444 1072 3531 constipatis
1095 3443 1277 3509 fabularum
1300 3445 1493 3529 aenigmatis

365 3548 422 3612 vix
446 3569 488 3612 ex
510 3547 591 3611 miro
609 3546 781 3611 verborum
797 3547 964 3612 involucro
989 3548 1201 3613 enucleandis
1224 3570 1284 3613 nos
1307 3555 1492 3613 exerceat«.

291 3709 294 3716 ,
364 3650 479 3736 Neque
503 3657 612 3715 tamen
641 3671 754 3714 omnes
783 3650 934 3715 carminis
964 3658 1075 3737 partes
1099 3673 1202 3737 aeque
1226 3657 1384 3716 tractatae
1408 3657 1492 3730 sunt,

367 3754 424 3820 sed
446 3759 545 3840 poeta
567 3775 760 3840 progressus
790 3753 868 3819 fecit
895 3755 929 3818 in
957 3754 1049 3820 libris
1078 3755 1314 3841 posterioribus
1337 3776 1376 3818 ec
1398 3776 1492 3841 prae-

367 3859 461 3945 cipue
485 3858 517 3922 in
541 3858 622 3922 libro
647 3857 774 3942 quinto;
798 3879 859 3942 quo
884 3859 917 3921 in
940 3858 1023 3922 libro
1049 3880 1121 3923 cum
1137 3859 1171 3922 in
1185 3858 1374 3923 universum
1391 3859 1492 3923 oratio

365 3962 495 4050 poetica
519 3961 700 4046 elegantior
723 3961 778 4024 liat
801 3967 834 4025 et
849 3961 976 4026 facilius
997 3963 1194 4048 suaviusque
1210 3962 1323 4026 influat
1338 3962 1371 4025 in
1387 3983 1492 4042 aures,

366 4073 434 4130 tum
456 4065 525 4129 iere
549 4064 679 4128 omnino
704 4063 798 4129 deest
820 4066 970 4151 repetitio
995 4065 1142 4131 eiusdem
1164 4065 1330 4147 vocabuli,
1354 4086 1437 4151 quae
1460 4065 1492 4127 in

366 4169 468 4256 primo
501 4167 584 4231 libro
620 4166 661 4232 ad
694 4166 839 4231 taedium
875 4189 977 4255 usque
1005 4191 1101 4235 aures
1136 4167 1272 4235 offendit
1284 4165 1320 4254 ¹).
1372 4168 1493 4233 Contra

438 4409 458 4478 ¹)
477 4409 510 4461 of.
530 4407 664 4476 exempla,
683 4424 755 4475 quae
774 4408 889 4478 collegit
906 4409 1047 4462 Bechert
1065 4409 1082 4462 l.
1101 4408 1119 4462 l.
1138 4427 1165 4477 p.
1183 4407 1225 4462 47.
