3208 5276
572 455 782 521 ..55-

107 644 134 699 V
153 644 212 700 148.
243 660 347 716 passus
365 659 531 702 reuocans
550 644 579 714 (i.
598 663 621 702 e.
639 645 782 716 reducens)
801 643 826 700 V
844 645 902 701 695.
915 645 927 714 ll
944 643 1035 701 cerni
1051 645 1136 702 moute
1152 646 1165 703 I
1182 644 1241 704 678.

106 764 141 773 -
161 736 204 788 sol
221 735 349 802 aspicit
367 735 461 788 trenam
478 734 561 788 1242.
580 765 612 773 -
632 733 826 802 despectant
843 733 937 788 sidera
956 733 1029 788 caelo
1046 735 1131 790 1276.
1144 737 1155 803 11
1167 735 1242 790 undo

106 820 275 874 meditans
293 837 418 874 murmur
434 820 466 874 in
484 822 574 874 antris
590 821 618 874 Π
635 820 769 889 54111101
788 819 901 873 oblita
919 819 975 873 diei
991 821 1032 874 ΙΙΙ
1049 813 1242 889 1511111111

106 907 196 961 solum
215 907 330 960 decliuia
347 907 361 961 I
378 907 437 961 240.
451 910 462 975 {l
475 908 636 962 ementita
653 923 709 960 noa
727 907 797 959 diem
814 905 840 959 V
858 907 899 960 60.

176 999 363 1062 pascentur
387 994 463 1047 curis
480 992 505 1046 V
523 993 582 1046 453.
601 995 612 1060 ΙΙ
632 993 719 1046 bibit
737 993 841 1061 fluctus
859 991 983 1044 Eridani
1007 991 1107 1059 fretum
1123 991 1164 1047 IV
1182 991 1241 1047 610.

107 1081 224 1134 bibens
248 1097 370 1136 somnum
396 1082 565 1150 animamque
583 1081 608 1134 V
625 1081 687 1136 307.
704 1083 715 1149 ΙΙ
738 1086 830 1134 aestas
853 1079 973 1133 sitiens
991 1078 1019 1132 Π
1036 1079 1093 1132 186.
1110 1081 1120 1147 ΙΙ
1145 1080 1243 1133 lauat

104 1173 212 1236 pontus
225 1167 344 1236 Epirum
361 1167 401 1222 IV
411 1169 471 1222 611.
485 1171 495 1236 ΙΙ
506 1169 636 1222 incocto
653 1167 745 1220 sidera
759 1167 878 1235 flammis
892 1166 998 1233 173111
1014 1164 1134 1220 ardent
1153 1174 1243 1222 terroe

106 1254 199 1308 1101.
235 1254 353 1308 ardent
377 1254 526 1323 Aethiopes
543 1254 583 1308 IV
602 1255 660 1308 758.
695 1253 772 1308 sedes
800 1259 944 1309 onustae
970 1253 1240 1321 theanensem

108 1340 260 1394 eusiccat
282 1341 401 1408 populos
427 1339 466 1394 IV
495 1341 551 1394 729.
591 1340 671 1393 Arcti
698 1341 810 1393 siccae
835 1340 924 1393 1610.
939 1341 949 1407 ΙΙ
976 1339 1134 1393 accendit
1158 1357 1240 1408 prae·

108 1428 198 1481 sautia
215 1427 338 1480 maurinis
356 1421 465 1481 ruentem
483 1427 497 1480 Ι
513 1427 555 1480 49.

178 1514 303 1567 micant
320 1513 407 1568 corda
425 1520 450 1568 et
468 1515 565 1584 linqua
582 1512 675 1567 rabit
686 1512 711 1566 V
721 1513 779 1566 224.
793 1515 804 1580 ll
816 1513 981 1566 maculant
992 1511 1140 1580 Aethiopes
1154 1513 1243 1566 orbem

106 1600 148 1654 IV
167 1601 461 1668 723.11Asraep0putt
477 1601 624 1654 nitentes
640 1598 680 1654 IV
698 1599 748 1652 621
768 1617 807 1666 sq.
821 1602 831 1668 ΙΙ
843 1599 1012 1668 florentio
1031 1604 1153 1676 ternpore
1170 1604 1242 1652 ueris

109 1685 137 1739 11
157 1686 206 1739 182
224 1704 264 1755 sq.
300 1699 302 1707 ⁴

180 1772 317 1826 indutus
344 1775 391 1826 est
414 1760 527 1826 Taurus
546 1772 609 1825 Ioui
634 1771 662 1840 (i.
682 1787 705 1826 e.
723 1770 850 1842 Iuppiter
876 1771 907 1824 in
932 1773 1044 1824 taurum
1065 1788 1093 1824 se
1111 1770 1242 1840 mutavit)

108 1859 139 1912 Π
156 1857 215 1912 491.
228 1861 239 1926 ΙΙ
251 1859 379 1913 nudare
396 1858 425 1927 (i.
444 1875 465 1912 e.
485 1858 634 1927 explicare)
652 1860 718 1912 iura
734 1859 775 1912 ΙΠ
794 1859 851 1912 114.
870 1861 880 1926 ΙΙ
898 1858 1109 1928 destrinqere
1125 1859 1243 1913 membro

109 1945 141 1997 in
159 1945 253 1998 uarius
269 1946 428 2014 palaestras
446 1946 487 1999 HI
504 1945 564 1999 630.

182 2048 251 2086 arua
281 2033 439 2086 enercita
467 2032 596 2100 frnpibus
621 2033 693 2086 186.
716 2035 726 2100 ΙΙ
750 2032 879 2086 militat.
904 2033 959 2085 oles
985 2032 1031 2101 (sc.
1057 2030 1140 2098 Iovis)
1169 2031 1244 2085 caelo

110 2119 137 2171 V
155 2119 215 2171 490.
233 2120 244 2187 l}
264 2119 418 2173 edomare
437 2125 537 2172 terram
555 2120 585 2173 in
602 2119 701 2189 srnqes
718 2118 757 2173 IV
775 2119 835 2174 904.
853 2121 864 2186 ΙΙ
887 2119 946 2172 dies
970 2133 1089 2174 aenens
1114 2120 1244 2172 mortalia

110 2206 197 2260 cordo
223 2207 237 2261 Ι
261 2207 301 2260 79.
321 2209 331 2274 ΙΙ
351 2206 592 2275 fabricaverat
615 2205 763 2275 (Socrates)
792 2205 934 2259 Platonem
960 2205 989 2273 (i.
1017 2222 1040 2258 e.
1068 2205 1243 2274 instituerat)

110 2294 124 2346 I
144 2293 203 2348 714.
216 2295 228 2360 ll
239 2293 377 2346 nutrire
395 2308 480 2346 annos
497 2295 604 2347 terreres
623 2292 651 2358 (i.
670 2309 693 2346 e.
712 2293 809 2346 docere
827 2293 937 2361 pueros)
955 2291 1058 2346 11456.

182 2379 275 2432 Haedi
293 2378 499 2433 claudentes
518 2378 607 2432 sidere
621 2379 824 2447 pontuml365.
845 2379 922 2432 limes
935 2377 1065 2431 claudit
1073 2377 1242 2446 principium

111 2481 191 2519 suum
208 2465 223 2518 I
241 2465 300 2518 617,

182 2553 377 2622 depinqitur
394 2552 498 2605 caelum
516 2550 601 2606 ostris
619 2552 633 2605 Ι
649 2551 708 2604 445.

182 2647 303 2707 aequora
325 2637 394 2706 freti
415 2638 570 2692 caedunt
590 2641 684 2708 pentes
702 2637 741 2692 IV
759 2639 818 2693 602.
835 2640 846 2706 ll
863 2637 1023 2705 Euphrates
1046 2643 1132 2690 secat
1149 2642 1244 2707 ¹qentes

111 2728 126 2782 I
144 2726 187 2782 44.
204 2728 306 2794 fretum
323 2729 417 2780 secat
434 2727 557 2780 Icarium
573 2726 760 2795 Aeqaeumque
778 2725 877 2793 (mare)
895 2725 935 2779 IV
953 2725 1012 2778 621.

554 3238 741 3304 OAPUT
770 3237 812 3304 V.

283 3407 332 3462 De
355 3406 503 3462 Manilio·
521 3405 667 3460 aliorum
688 3406 869 3472 poetarum
891 3401 1073 3460 imitatore.

201 3555 297 3621 Nune
331 3556 476 3619 breviter
510 3573 691 3639 exponam,
729 3571 811 3636 quae
842 3549 923 3614 ratio
951 3547 1133 3613 intercedat
1160 3547 1246 3612 inter
1357 3549 1360 3554 “

115 3660 286 3725 Manilium
321 3665 353 3724 et
386 3655 501 3745 poetas
524 3657 707 3736 Romanae,
741 3656 795 3740 qui
818 3661 873 3718 aut
896 3659 972 3717 ante
997 3674 1071 3717 eum
1094 3653 1246 3716 vixerunt

115 3770 173 3829 aut
195 3764 350 3850 aequales
373 3763 404 3826 ei
426 3761 568 3826 fuerunt.
615 3759 696 3824 Oum
728 3758 844 3842 quibus
869 3756 1053 3820 consentire
1077 3753 1246 3818 Manilium

116 3889 216 3953 saepe
247 3869 281 3932 in
303 3866 497 3953 phrasibus,
532 3863 688 3950 epithetis
722 3860 925 3941 ornantibus,
958 3858 1132 3939 similibus,
1168 3858 1246 3943 quin

117 3973 217 4037 etiam
239 3993 304 4035 non
320 3991 442 4056 paucos
460 3968 569 4034 exitus
586 3968 639 4031 vel
654 3967 747 4031 initia
762 3985 925 4041 versuum,
942 3983 1025 4048 quae
1041 3963 1074 4025 in
1089 3961 1247 4026 memoria

117 4082 241 4141 attente
276 4075 416 4160 legentis
452 4079 571 4159 poetae
607 4072 797 4150 haererent,
833 4091 876 4134 ex
898 4069 1027 4132 illorum
1051 4064 1245 4130 carminibus

117 4180 360 4267 deprompsisse
384 4184 417 4243 et
439 4179 473 4241 in
497 4197 590 4240 suurn
614 4195 744 4239 carmen
767 4173 932 4259 recepisse
956 4171 1074 4235 mirum
1096 4175 1246 4235 nonest.

116 4285 226 4370 Atque
250 4305 322 4349 cum
344 4283 491 4370 plerique
515 4286 632 4366 poetae
644 4277 783 4342 Romani
798 4277 1028 4363 imperatorum
1043 4272 1246 4359 temporibus

116 4390 149 4458 in
174 4388 332 4452 factiones
356 4385 572 4465 discederent,
603 4387 685 4468 quae
709 4382 789 4446 certi
811 4381 947 4445 alicuius
970 4383 1087 4465 poetae
1112 4376 1242 4460 regulas
