3208 5276
579 489 771 548 ,7.-

112 679 192 764 quid
217 699 259 741 ex
282 677 416 762 optimis
438 673 604 738 codicibus
628 677 806 752 enotesset,
830 673 941 736 docuit
962 694 1024 750 me,
1047 671 1244 754 ubicumque

114 783 155 846 de
187 781 344 862 librorum
376 781 518 843 lectione
553 797 617 840 non
654 778 733 839 satis
769 785 918 841 constare
955 777 1034 839 mihi
1063 773 1244 838 videbatur.

111 885 229 970 Itaque
261 885 381 948 eximia
403 881 558 946 Becherti
580 879 644 944 fide
668 881 813 944 nituntur
835 881 933 964 longe
956 879 1096 964 plurima
1120 899 1163 942 ex
1185 878 1243 952 eis,

113 1009 195 1074 quae
219 988 341 1073 passim
364 985 404 1050 de
428 985 576 1049 codicum
599 982 739 1047 lectione
762 983 935 1047 adnotabo.

199 1090 319 1154 Libelli
342 1086 407 1153 mei
429 1095 540 1174 partes
563 1089 609 1150 ita
633 1087 795 1172 disposui,
825 1087 918 1150 utin
941 1085 1048 1170 eapite
1071 1084 1175 1168 prinro
1199 1080 1245 1144 de

113 1201 211 1258 arte
252 1194 420 1258 metrica
454 1192 637 1270 Manilii,
683 1193 788 1254 altero
826 1190 874 1254 de
911 1189 1094 1253 flexione
1129 1193 1163 1250 et
1201 1184 1245 1249 de

117 1299 234 1384 copie
248 1297 465 1376 verberum,
483 1295 581 1358 tertio
595 1294 641 1358 de
656 1295 947 1380 particularum
963 1291 1246 1368 collocatione,

116 1410 230 1486 quarto
269 1402 317 1466 de
356 1401 507 1485 figuris
546 1406 584 1463 et
623 1400 775 1484 tropis,
820 1399 931 1483 quinto
970 1396 1110 1481 denique
1150 1412 1246 1478 agam

115 1507 159 1571 de
194 1505 400 1584 versibus,
427 1505 466 1566 in
493 1503 642 1588 quibus
666 1503 868 1566 Manilius
897 1503 1076 1565 aliorum
1104 1507 1246 1586 poeta-

115 1631 202 1673 rum
232 1629 379 1672 versus
408 1609 596 1671 imitatus
626 1614 701 1698 est3
729 1630 791 1672 nee
815 1613 942 1684 metuo,
975 1628 1016 1671 ne
1039 1606 1152 1670 uidear
1180 1625 1247 1667 ma·

113 1714 231 1778 teriam
253 1713 349 1776 nimis
373 1713 475 1776 multe
490 1714 523 1775 in
539 1733 661 1797 genera
674 1695 871 1797 digessisse.
908 1709 960 1777 De
980 1733 1125 1790 casuum,
1148 1731 1243 1796 prae-

114 1819 331 1904 positionum,
363 1817 532 1882 modorum
562 1817 655 1882 verbi
688 1840 750 1882 usu
780 1817 957 1881 Maniliano
991 1817 1054 1882 alio
1089 1817 1161 1879 loco
1194 1835 1246 1877 me

115 1923 194 1987 olim
217 1922 318 1986 verba
339 1921 500 1985 facturum
523 1942 619 2006 spero
632 1919 668 2006 1).

567 2299 803 2396 oreore

446 2479 496 2536 De
520 2482 593 2534 arte
615 2477 759 2534 metrica
780 2477 925 2536 Manilii.

201 2609 252 2674 De
292 2617 360 2675 arte
392 2611 518 2674 Manilii
553 2610 688 2675 metrica
728 2610 936 2694 expositurus
976 2611 1116 2697 primum
1153 2631 1247 2694 agam

114 2712 161 2776 de
186 2714 360 2789 ratione,
391 2733 466 2797 qua
493 2714 529 2776 in
552 2712 805 2776 hexametris
834 2710 989 2796 dactyli
1012 2719 1052 2776 et
1075 2711 1248 2798 spondei

115 2838 135 2880 a
168 2823 287 2902 poeta
321 2817 574 2881 misceantur.
631 2814 682 2879 De
711 2837 775 2901 qua
807 2837 841 2880 re
871 2837 943 2882 cum
978 2817 1054 2880 olim
1087 2817 1248 2880 rettulerit

114 2918 328 2982 Drobisch
370 2919 421 2982 in:
475 2917 621 2982 Bcrichtc
662 2917 753 2981 acher
795 2918 845 2982 die
889 2917 1155 3001 Verheadluapcrt
1191 2919 1247 2983 der

114 3021 260 3103 Koenipl.
284 3022 502 3087 Socchsisclren
528 3019 735 3106 Gcsellschaft
757 3021 812 3084 der
826 3020 1103 3106 Wisseaschaftea,
1122 3023 1247 3102 philol.-

114 3124 222 3188 lu'stor.
249 3121 366 3202 Classe,
393 3128 483 3204 1866,
506 3148 536 3211 p.
563 3128 602 3188 75
627 3146 716 3209 sqq.,
739 3124 797 3188 ubi
819 3147 850 3210 p.
876 3127 936 3187 107
960 3146 1028 3210 sqq.
1053 3125 1094 3190 dc
1118 3125 1247 3192 Manilii

115 3229 307 3294 hexametro
342 3229 443 3292 verba
479 3227 572 3308 facit,
610 3233 718 3291 tamen
751 3228 975 3312 quaestionem
1015 3229 1104 3292 illam
1138 3229 1244 3294 denuo

116 3355 292 3418 aggressus
339 3355 451 3398 omnes
489 3313 616 3398 Manilii
649 3333 858 3398 hexametros
901 3334 1098 3417 perlustravi
1132 3334 1246 3399 Iaeobi
1318 3401 1325 3409 „

117 3438 295 3502 editionem
321 3445 466 3502 secutus:
490 3459 564 3501 nam
588 3437 733 3523 quamuis
757 3437 844 3500 haud
866 3438 1013 3501 nesciam
1029 3439 1140 3504 multis
1164 3441 1246 3504 locis

117 3543 205 3606 hunc
228 3543 332 3606 virum
355 3541 485 3605 doctum
503 3563 522 3604 1
542 3547 633 3604 recta
653 3541 792 3605 lectione
809 3540 991 3621 deerrasse,
1015 3541 1113 3605 immo
1131 3564 1247 3629 saepe-

117 3667 254 3710 numero
277 3647 341 3709 iam
365 3645 485 3708 dudum
509 3652 655 3710 correcta
677 3645 784 3710 denuo
807 3646 1024 3731 depravasse,
1052 3653 1162 3710 tamen
1192 3653 1248 3710 eut

188 3819 207 3883 ¹)
226 3817 258 3870 In
275 3817 399 3870 versibus
418 3817 537 3875 citandis
560 3817 603 3870 his
626 3835 691 3870 usus
715 3835 775 3870 sum
796 3815 979 3870 editionibus:
1002 3817 1033 3870 Τ.
1052 3815 1162 3870 Lucreti
1185 3815 1249 3870 Cari

116 3903 152 3956 de
169 3919 261 3956 rerum
278 3905 379 3956 natura
401 3902 466 3956 libri
485 3919 532 3956 sex
550 3903 664 3956 Carolus
683 3901 844 3955 Lachmann
868 3903 1006 3956 recensuit
1029 3905 1058 3956 et
1081 3901 1247 3956 emendavit.

117 3987 205 4042 editio
223 3991 331 4056 quarta.
367 3988 456 4044 Berol.
480 3991 555 4042 1871.
598 3989 714 4050 Catulli,
742 3989 860 4051 Tibulli,
888 3989 1025 4058 Propertii
1048 3989 1171 4042 carmina
1194 4006 1247 4042 111.

117 4074 256 4128 Lucienus
278 4075 401 4130 Mueller.
444 4075 554 4145 Lipsiae
578 4076 652 4129 1570.
693 4076 724 4130 P.
741 4075 861 4144 Vergilii
879 4073 1000 4130 Maronis
1028 4093 1112 4145 opera
1137 4092 1247 4145 recogn.

118 4161 150 4215 Ο.
169 4161 301 4216 Ribbeck.
341 4163 452 4232 Lipsiae
477 4164 552 4216 1872.
593 4163 624 4216 P.
644 4162 759 4216 Ovidius
776 4163 852 4216 Naso
876 4179 909 4216 ex
931 4179 1041 4232 recogn.
1060 4163 1093 4215 a.
1112 4161 1248 4216 Merkelii.

117 4247 229 4318 Lipsiae
243 4249 311 4302 1872
327 4268 366 4317 sq.
402 4250 439 4302 M.
458 4249 556 4303 Manili
574 4249 786 4304 Astronomicon
805 4250 871 4303 libri
888 4250 1012 4318 quinque
1029 4267 1081 4303 rec.
1099 4249 1142 4302 rr.
1156 4247 1247 4302 Iacob.

117 4335 207 4389 Berol.
228 4337 302 4389 1846.
339 4336 441 4390 Poetae
459 4335 553 4401 Latini
571 4335 691 4390 minores
709 4353 762 4406 111.
780 4335 916 4408 Aemilius
928 4336 1066 4406 Baehrens
1084 4336 1138 4408 rol.
1150 4335 1247 4408 l—Ill,

117 4421 230 4496 Lipsiae
248 4421 315 4479 1879
334 4440 392 4494 sqq.
