3208 5276
564 503 777 571 *57³

107 689 312 785 deprehendi
344 687 465 779 solent,
493 687 637 784 'quarum
671 702 897 782 argumentum
931 696 1038 782 ipsum
1066 691 1130 758 iam
1154 689 1237 758 anti-
1265 763 1268 770 ,

109 803 242 888 quiores
258 809 374 890 poetae
390 807 621 867 tractaverunt.
659 800 713 864 Ex
729 802 889 865 contrario
899 799 1052 863 Manilius
1070 799 1236 862 rarissime
1304 837 1308 856 r

107 907 215 998 isdem
260 906 435 993 phrasibus
468 907 571 971 utitur
605 906 722 990 quibus
757 905 813 969 alii
844 910 962 990 poetae
996 905 1030 967 in
1058 901 1239 968 enarranda

108 1010 226 1076 eadem
244 1032 289 1091 re,
314 1009 371 1074 sed
387 1010 534 1096 phrases,
557 1009 772 1091 hemistichia,
790 1009 909 1072 similia
926 1009 959 1071 in
976 1005 1153 1092 quemlibet
1170 1025 1240 1070 car-

109 1114 206 1179 minis
236 1127 366 1180 tersum
389 1115 529 1200 recepit,
559 1115 615 1179 ubi
639 1121 715 1200 apta
737 1135 810 1178 esse
834 1111 1032 1178 viderentur.
1078 1096 1258 1174 Obstabat'

111 1239 190 1282 sane
220 1217 354 1282 Manilio
389 1225 617 1302 argumentum
652 1216 802 1281 carminis
843 1235 995 1302 asperum
1024 1212 1164 1278 necdum
1197 1211 1238 1276 ab

112 1321 187 1384 aliis
210 1321 244 1385 in
268 1343 381 1386 versus
400 1321 583 1386 redactum.
626 1320 742 1405 ltaque
767 1342 839 1384 curn
864 1325 1036 1404 cogeretur
1058 1336 1240 1382 sermonem

114 1431 307 1510 argumento
343 1426 494 1489 carminis
529 1431 641 1511 aptum
677 1424 739 1488 sibi
762 1445 889 1510 parare,
924 1421 1053 1486 videtur
1076 1442 1174 1506 saepe
1199 1417 1238 1482 ad

109 1535 243 1616 poetas,
281 1529 337 1613 qui
359 1529 467 1614 ipsum
490 1534 598 1592 aetate
621 1527 808 1614 praegressi
831 1534 940 1606 erant,
964 1527 1009 1589 ita
1040 1525 1238 1610 respexisse,

110 1639 148 1696 ut
182 1633 216 1716 in
247 1633 378 1696 illorum
411 1633 609 1696 carminibus
633 1631 841 1718 perlegendis
866 1651 999 1716 operam
1023 1634 1239 1708 consumeret,

110 1737 301 1822 priusquam
338 1735 379 1799 ad
413 1735 654 1821 componendas
684 1737 735 1799 sui
765 1734 915 1799 carminis
943 1733 1120 1818 particulas
1143 1753 1237 1796 acce-

112 1839 225 1914 deret3
258 1839 349 1922 inde,
389 1839 465 1904 dum
498 1839 689 1919 meditatur,
723 1860 788 1902 nou
822 1859 946 1924 paucae
983 1837 1017 1900 in
1050 1836 1239 1900 memoriam

111 1942 241 2007 Manilii
274 1944 326 2008 vel
360 1943 453 2007 inviti
485 1943 632 2029 irrepunt
658 1944 841 2007 locutiones
866 1941 1104 2025 verborumque
1132 1940 1239 2025 poeti·
1293 2024 1295 2030 Α

114 2068 228 2110 corum
263 2047 519 2112 coniunctiones.
576 2047 709 2131 Itaque,
746 2067 818 2110 cum
853 2065 1031 2110 consensus
1065 2044 1241 2108 multorum

112 2149 224 2214 Ovidii
255 2172 410 2215 versuum
445 2172 518 2214 cum
548 2151 685 2214 aliorum
717 2156 887 2235 poetarum
920 2148 1070 2212 versibus
1107 2148 1239 2231 egregio

112 2253 223 2318 Ovidii
254 2255 389 2340 ingenio
423 2263 469 2348 et(
489 2255 670 2341 praestanti
702 2255 772 2318 eius
799 2252 976 2318 memoriae
1005 2249 1240 2315 adscribendus

111 2359 164 2440 sit,
187 2358 359 2424 Manilium
381 2381 487 2445 paene
512 2379 643 2444 semper
659 2379 701 2422 ex
716 2357 832 2421 alienis
849 2355 1044 2420 carminibus
1061 2355 1094 2418 in
1111 2375 1242 2418 carmen

111 2484 207 2527 suum
232 2484 287 2527 eas
311 2484 465 2528 versuum
488 2468 599 2548 partes
622 2461 788 2546 recepisse
811 2458 1038 2539 iudicabimus,
1068 2479 1150 2542 quae
1175 2459 1241 2522 acri

109 2566 243 2658 legendi
281 2564 387 2630 studio
417 2567 451 2629 in
489 2565 645 2630 memoria
678 2564 869 2638 haererent;
906 2584 969 2648 qua
1006 2569 1116 2626 tamen
1145 2563 1178 2626 in
1205 2582 1240 2626 rs

109 2669 283 2734 Manilium
313 2669 409 2734 modo
430 2669 605 2733 verborum
628 2667 892 2753 depromptorum
917 2665 1062 2730 ordinem
1084 2671 1241 2742 mutasse,

110 2773 208 2837 modo
232 2773 368 2837 verbum
392 2793 607 2858 synonymum
630 2771 807 2856 recepisse,
831 2770 921 2834 velut
933 2770 1034 2852 paratis
1049 2790 1106 2855 pro
1122 2769 1241 2850 stirpiS,

104 2875 263 2958 pacandam
286 2898 344 2962 pro
361 2875 492 2956 poemia,
517 2875 645 2939 similia.

199 3049 327 3130 Restat,
361 3055 397 3112 ut
430 3048 575 3113 breviter
609 3047 649 3112 de
687 3047 726 3111 iis
760 3045 966 3132 paucissimis
1001 3065 1241 3131 praemoneam,

110 3153 176 3238 qui
199 3153 411 3217 Manilium
434 3152 583 3216 imitati
607 3156 692 3215 sunt.
737 3150 879 3214 Primam
901 3149 1116 3213 imitationem
1135 3147 1241 3212 Mani-

110 3259 234 3321 lianam
271 3256 459 3343 suppeditat
497 3256 782 3337 Nemesianus,
819 3234 874 3338 qii
905 3253 1003 3317 tertio
1037 3274 1068 3338 p.
1103 3251 1178 3317 Ohr.
1209 3273 1240 3317 n.

114 3362 248 3425 saeculo
284 3360 496 3447 Calpurnium
530 3360 674 3424 imitatus
710 3363 775 3423 est:
809 3357 936 3422 Manilii
973 3357 1059 3420 enim
1092 3355 1241 3420 versibus

110 3465 128 3528 I
154 3467 214 3528 760
239 3463 318 3550 sq.¹)

177 3567 250 3633 Hac
272 3569 411 3651 mipraat
432 3588 471 3632 aa
494 3567 572 3646 orba,
595 3586 744 3648 suamquc
765 3557 943 3630 habitantia
964 3565 1114 3628 caeliam

176 3672 395 3738 Aetheraos
417 3672 545 3736 acuat
566 3689 675 3749 aanor,
697 3669 911 3750 malaciaque
929 3663 1124 3752 fruantur

111 3776 312 3863 respondent
334 3775 526 3840 Nemesiani
548 3776 607 3849 eol.
635 3778 648 3836 1
675 3794 788 3838 versus
813 3775 853 3836 39
877 3794 925 3858 sq.
961 3803 963 3808 ¹

179 3879 264 3946 Noa
286 3881 316 3944 si
337 3879 482 3944 sublimas
503 3879 628 3944 aniciae
650 3877 827 3942 caelestia
850 3876 964 3958 tonario

118 4021 120 4026 ·
178 3984 439 4066 Sideraasqaa
461 3983 583 4048 colant
604 3982 689 4047 sedas
710 3981 915 4062 aaadoqac
933 3977 1136 4063 fraaatar.

191 4089 379 4154 Praeterea
390 4087 515 4152 Manilii
532 4108 662 4152 carmen
678 4092 791 4150 notum
807 4085 868 4148 fuit
885 4083 1036 4148 auctori
1061 4081 1241 4146 carminis

111 4193 159 4256 de
194 4192 310 4256 Luna
342 4191 476 4256 Anthol.
509 4190 636 4254 Lat.V
669 4188 754 4275 152),
791 4187 876 4276 quod
908 4187 1082 4274 postremis
1115 4185 1244 4271 imperii

184 4367 204 4433 ¹)
223 4363 336 4432 iacob,
366 4362 392 4416 d.
416 4360 453 4415 M.
478 4359 595 4414 Manilio
623 4362 720 4429 poeta;
741 4353 843 4430 progr.
863 4359 962 4413 Labeo.
982 4358 1048 4411 1832
1075 4375 1102 4426 p.
1120 4357 1137 4409 b
1158 4358 1214 4410 not.
1228 4359 1239 4426 ll

111 4455 133 4520 2)
151 4450 252 4506 Riese
272 4451 330 4505 723.
350 4449 452 4504 Poetae
471 4447 565 4502 Latini
584 4447 703 4502 Minores
722 4446 762 4499 ΙΙΙ
781 4465 808 4515 p.
829 4447 878 4500 163
897 4463 936 4513 sq.
954 4445 1122 4512 (Baehrens).

1019 4533 1036 4586 5
