3208 5276
821 449 1035 510 ..46—

359 655 488 692 ornnem.
540 639 577 691 IV
608 635 642 688 25
678 634 772 704 fatis
811 636 921 690 vicisset
956 635 991 689 in
1025 636 1122 704 ipsis.
1176 637 1227 690 126
1255 635 1509 706 naufraqiumque

357 726 432 779 inter
458 722 586 777 subitum.
626 723 677 776 316
692 727 775 791 parte
801 722 851 777 sub
878 722 935 775 illa.
972 721 1022 774 597
1041 738 1150 790 vespere
1176 721 1211 776 ab
1239 729 1300 776 ntro
1327 723 1371 788 (ex
1398 721 1504 791 coni.).

361 809 412 864 605
430 826 516 877 usque
534 824 637 862 canes
655 807 711 871 aei,
729 808 829 877 Sequa,
849 813 930 861 tuoe.
962 808 1012 861 763
1037 809 1144 878 oirqine
1163 808 1214 862 sut
1236 814 1321 862 casta.
1348 808 1400 861 800
1415 809 1508 878 pisce

363 895 414 952 sub
432 897 505 949 tirio
523 895 568 964 (ex
586 893 778 962 conilacobi).
796 893 847 946 817
867 893 958 946 caelo
976 893 1115 947 descendit
1132 895 1171 949 ab
1189 893 1266 948 otto.
1303 895 1356 949 833
1373 911 1505 964 scopu-

361 983 461 1051 loque
490 981 580 1035 ortem
607 981 733 1049 possedit
766 980 802 1033 in
835 995 907 1033 uno.
954 980 976 1031 V
1006 980 1040 1033 33
1065 981 1156 1049 pelle
1185 981 1311 1034 immunis
1340 981 1381 1034 ab
1411 982 1504 1050 ipsa.

360 1069 394 1123 62
412 1083 549 1135 curasque
563 1082 615 1135 per
632 1081 730 1120 omnes.
759 1059 792 1118 69
811 1066 963 1134 clivoque
981 1071 1059 1121 rotas
1078 1066 1203 1120 convellit
1221 1065 1260 1120 ab
1279 1067 1351 1120 imo.
1386 1068 1440 1121 322
1453 1086 1504 1136 sq.

360 1169 468 1209 errores
486 1157 521 1206 In
539 1153 643 1207 uarios.
679 1153 730 1207 699
746 1159 823 1206 nocte
841 1153 891 1206 snb
911 1154 1037 1206 eatrema.
1074 1153 1126 1206 720
1143 1159 1261 1220 tempore
1278 1153 1307 1206 in
1325 1153 1406 1207 omui.

420 1271 422 1278 ⁴
447 1257 559 1323 Inter
581 1257 659 1323 dno
684 1257 958 1336 substantiva,
982 1279 999 1321 e
1024 1258 1141 1341 quibus
1164 1280 1283 1322 unum
1306 1259 1401 1324 alteri
1424 1281 1504 1346 ap-

363 1363 540 1448 positum
563 1367 640 1443 est,
662 1368 761 1447 poeta
783 1361 835 1424 bis
859 1361 1135 1447 praepositionem
1159 1364 1346 1427 collocavit:

430 1474 458 1527 H
474 1473 526 1527 880
542 1478 631 1526 oronte
649 1472 701 1526 snb
721 1472 818 1525 Aetna.
852 1471 890 1525 IV
908 1472 958 1526 935
978 1475 1104 1542 Auqusto
1123 1481 1223 1528 crescet
1241 1476 1291 1530 sub
1307 1475 1442 1544 principe.

451 1579 609 1644 Similiter
630 1577 774 1642 medium
796 1567 996 1664 praepositio
1020 1585 1112 1644 tenet
1133 1581 1241 1645 locum
1274 1583 1375 1647 inter
1398 1583 1504 1647 sub-

365 1685 587 1750 stantivum
610 1690 649 1748 et
672 1683 906 1767 genetivum
928 1684 979 1747 ab
1003 1704 1047 1748 eo
1071 1684 1319 1770 pendentem

432 1785 659 1843 H1374oertice
677 1786 728 1840 sub
746 1785 822 1839 caeti.

451 1892 551 1956 Post
586 1890 659 1955 duo
692 1891 949 1955 substantiva
977 1913 1131 1956 conexa
1164 1894 1364 1979 praepositio
1393 1895 1503 1960 eollo-

367 2003 441 2062 cata
464 2002 515 2060 est

434 2099 517 2154 1810
535 2104 637 2152 terrum
653 2099 810 2167 caelumque
827 2098 912 2161 intem

368 2189 509 2272 denique
543 2193 633 2273 post
666 2186 967 2251 substantivum
1007 2207 1095 2250 cum
1127 2186 1336 2252 adieetivo
1372 2210 1502 2275 oopu-

365 2293 493 2356 latum
515 2290 623 2376 posita
646 2295 698 2354 est
1081 2373 1084 2382 Δ

436 2393 459 2447 V
477 2393 511 2446 52
530 2393 709 2461 Actiacosque
725 2393 806 2448 sirena
820 2393 898 2446 inter.
934 2393 968 2445 95
988 2391 1129 2447 immensos
1146 2392 1224 2463 iqnes
1241 2409 1333 2462 super.

454 2497 561 2585 Saepe
584 2499 840 2586 praepositio
865 2504 1061 2584 separata
1092 2505 1155 2563 est
1185 2521 1205 2562 a
1235 2499 1500 2565 substantivo

366 2605 430 2668 vel
452 2602 686 2689 pronomine
710 2602 755 2665 ab
780 2623 823 2665 ea
845 2601 1047 2688 pendente
1070 2623 1145 2667 uno
1167 2604 1372 2668 vocabulo
1397 2615 1501 2668 com-

367 2706 610 2795 pluribusve
633 2705 845 2770 vocabulis
878 2705 1131 2786 interiectis,
1164 2729 1246 2792 quae
1270 2714 1379 2772 tamen
1402 2729 1500 2772 voca-

366 2812 445 2877 bula
466 2812 622 2898 pleraque
646 2815 720 2873 sunt
743 2809 889 2894 genetivi
911 2831 954 2874 ex
970 2810 1174 2876 substantivo
1191 2813 1246 2877 illo
1265 2812 1500 2878 adieetivorum
1601 2815 1602 2818 ’

318 2947 320 2954 2
369 2915 465 2980 modo
490 2914 657 3000 suspensi;
681 2915 833 3001 exempla
857 2936 1010 2979 enumero
1034 2915 1131 2980 haee:

436 3024 512 3079 1117
526 3039 594 3077 curn
609 3024 707 3092 paruis
724 3023 827 3078 simili
842 3040 1003 3092 percurrere
1022 3041 1112 3080 curo.
1137 3027 1187 3080 146
1200 3043 1287 3095 supra
1305 3033 1343 3082 eet
1360 3027 1499 3081 hominem·
1599 3007 1600 3014 ἵ

369 3129 422 3182 que
439 3109 576 3179 deumque.
613 3110 663 3163 373
686 3112 779 3179 infra
796 3112 862 3164 sotis
878 3113 1023 3182 serpentia
1042 3113 1088 3180 (sc.
1108 3112 1211 3182 sidera)
1235 3129 1358 3168 cursus.
1391 3115 1441 3168 436
1459 3115 1500 3169 ori

370 3201 514 3270 appositae
525 3200 631 3268 fatum.
651 3199 702 3253 443
714 3200 800 3254 inter
817 3200 935 3267 solisque
953 3199 1229 3269 viaeAretosqne.
1247 3200 1297 3253 567
1315 3218 1332 3254 a
1350 3202 1417 3254 caeti
1432 3217 1498 3255 uer-

371 3289 447 3343 tice.
481 3287 533 3340 568
550 3286 591 3339 nd
608 3285 720 3340 extremi
737 3284 884 3339 decurrens
902 3285 1014 3340 sidera
1034 3285 1142 3340 Cancri.
1173 3286 1224 3340 685
1242 3288 1281 3340 ab
1302 3289 1399 3341 boreae
1414 3303 1497 3358 qpro.

370 3375 421 3430 886
442 3376 478 3428 in
501 3373 614 3426 alterius
632 3371 725 3425 latens
743 3386 802 3424 cum
819 3371 911 3439 fatu.
946 3371 998 3425 913
1014 3387 1132 3441 perque
1152 3373 1243 3442 patris
1260 3380 1342 3441 pater
1359 3377 1498 3444 Asperius

371 3461 519 3532 restiyia.
546 3459 637 3514 11103
656 3460 696 3512 art
714 3460 794 3512 lunae
809 3461 948 3513 noscentis
966 3475 1097 3514 cornua.
1125 3460 1175 3513 541
1195 3475 1260 3513 cum
1275 3459 1389 3532 Virqine
1406 3463 1497 3515 notis.

372 3548 424 3602 549
436 3548 495 3602 sut
512 3548 603 3602 auersi
614 3551 792 3600 numerantur
810 3545 925 3599 sidere
940 3543 1032 3598 Tauri.
1050 3545 1100 3599 599
1113 3545 1169 3598 sut
1189 3545 1326 3600 amicitiae
1337 3551 1497 3615 prostantem

372 3635 504 3688 nomine.
537 3635 579 3688 ΠΙ
607 3634 659 3687 264
686 3633 729 3686 aa
756 3631 877 3686 ardentis
902 3636 1063 3700 paquarunt
1093 3631 1209 3686 sidera
1239 3631 1346 3687 Cancri.
1387 3633 1435 3688 625
1459 3633 1497 3686 aei

373 3721 586 3790 aestiveesulqet
594 3719 741 3790 faetiqto
753 3735 845 3773 zonae.
863 3717 901 3773 IV
909 3719 943 3772 34
956 3716 1013 3772 sub
1028 3719 1109 3772 unius
1118 3717 1225 3787 fratres
1243 3721 1386 3774 uirtute.
1406 3717 1452 3773 568
1464 3719 1497 3773 in

373 3805 478 3861 caudae
490 3807 675 3875 Capricornus
694 3806 839 3859 acumine
858 3821 980 3859 sunrnro.
998 3804 1050 3859 670
1060 3804 1226 3876 odAeqppti
1234 3811 1316 3874 ponet
1327 3805 1397 3874 (nm
1405 3806 1495 3874 ponat)

375 3911 428 3949 sua
446 3895 510 3948 iura
528 3893 666 3947 colonos.
703 3891 728 3946 V
746 3892 779 3945 37
799 3909 817 3944 a
835 3890 927 3945 deutri
945 3891 1042 3946 lateris
1061 3891 1144 3944 ducat
1165 3893 1309 3962 reqione.
1344 3893 1377 3946 87
1393 3907 1496 3960 perque

374 3979 479 4034 volabit
496 3995 595 4048 equor
621 3981 665 4043 (ex
683 3977 753 4032 coni.
773 3973 914 4044 Bentleii).
950 3975 1001 4031 265
1019 3993 1089 4046 eque
1110 3977 1233 4031 Arabum
1250 3977 1345 4032 siluis
1372 3979 1415 4045 (ex
1431 3978 1495 4032 roni.

376 4066 515 4135 Bentleii).
549 4064 600 4119 282
618 4082 658 4133 sq.
676 4080 830 4133 superque
848 4063 958 4118 Ducere
973 4063 1153 4132 percientes
1171 4065 1272 4118 orbes.

463 4171 616 4256 Denique
644 4170 981 4256 praepositiones
1010 4168 1248 4254 bisyllabae
1273 4189 1292 4232 a
1315 4166 1494 4232 substan-

376 4277 462 4340 tivo
487 4276 544 4340 ita
567 4279 829 4361 separantur,
852 4287 910 4353 ut,
934 4294 1021 4337 cum
1044 4273 1144 4337 illae
1168 4293 1325 4338 versum
1348 4272 1494 4354 finiant,

381 4382 429 4449 ab
453 4382 529 4449 hoc
552 4401 696 4448 versus
718 4378 928 4472 proximus
951 4376 1136 4467 incipiat:
