3208 5276
586 419 798 480 ..13-

213 607 244 671 V
268 609 329 670 314
362 605 497 687 Postque
516 624 637 687 omorm
660 604 749 687 lmoo
768 605 953 685 premetter
974 607 1141 673 imtomollo

212 711 243 775 V
267 714 329 775 412
364 711 426 794 Qui
448 709 609 774 commisso
629 707 697 772 sois
719 708 888 774 rimabitur
908 713 1112 794 orommmtis.

127 831 250 896 Omnes
274 832 375 917 igitur
396 831 517 896 cadunt
538 831 572 894 in
595 829 732 895 verbum
754 832 1002 916 tetrasyllabum
1025 833 1081 916 ita,
1104 840 1141 898 ut
1163 857 1257 921 prae-

129 934 225 1000 cedat
263 937 365 1001 semel
402 934 433 1021 (1
468 933 544 1020 387)
582 933 718 1000 verbum
752 935 1033 1020 pyrrhichiacum‚
1071 939 1105 1001 in
1140 941 1258 1004 ceteris

126 1045 279 1126 quattuor
308 1041 360 1105 vel
392 1040 533 1126 quinque
567 1038 718 1103 versibus
747 1038 874 1103 ionicus
898 1061 917 1103 a
938 1041 1065 1106 maiori.
1108 1041 1256 1108 Evoca-

125 1143 222 1224 bulis,
245 1145 279 1207 in
302 1165 384 1228 quae
407 1164 521 1208 versus
545 1142 715 1206 Maniliani
739 1141 907 1228 spondiaci
931 1150 1063 1226 exeunt,
1096 1145 1160 1210 duo
1184 1154 1259 1212 sunt

125 1247 257 1311 nomina
290 1248 420 1335 propria
454 1245 600 1311 Graeca:
635 1243 755 1310 Oriomo
790 1245 820 1330 (Ι
843 1245 919 1332 387)
956 1252 989 1310 01
1020 1246 1261 1338 Hellespontum¹

125 1350 186 1432 (IV
202 1349 289 1437 679),
314 1373 396 1437 quae
420 1350 483 1415 duo
506 1349 638 1414 nomina
660 1349 725 1412 iam
748 1350 948 1435 antiquiores
971 1357 1089 1437 poetae
1111 1352 1256 1420 Graecos

124 1456 243 1519 imitati
256 1456 289 1519 in
302 1460 448 1520 extremo
461 1454 651 1518 hexametro
665 1458 859 1538 posuerunt;
876 1453 1016 1538 legimus
1031 1456 1118 1520 enim
1130 1455 1258 1522 Orionis

124 1561 158 1623 in
182 1559 351 1624 Ciceronis
374 1558 466 1623 Arat.
491 1560 520 1624 3.
544 1557 658 1622 Horat.
684 1577 779 1621 earm.
803 1556 820 1618 I
844 1559 894 1638 28,
925 1560 975 1639 21,
1006 1557 1126 1624 Oriomo
1154 1561 1254 1647 Verg.

123 1664 209 1729 Aen.
231 1663 282 1727 Π]
305 1667 377 1729 517.
416 1669 500 1728 auct.
525 1662 608 1726 Giris
633 1664 705 1743 535,
728 1661 965 1742 Hellespontum
988 1662 1074 1750 apud
1091 1663 1256 1730 Catullum

124 1771 176 1849 64,
202 1770 274 1835 358.
320 1767 413 1834 Ovid.
437 1767 525 1832 Fast.
547 1765 596 1829 IV
619 1768 691 1831 567.
736 1764 880 1829 111341.
930 1766 1009 1833 Μο1.
1033 1767 1117 1831 XIII
1147 1773 1208 1833 407
1221 1773 1255 1854 ¹).

124 1877 209 1937 auct.
241 1871 324 1935 Ciris
356 1872 426 1935 413.
473 1868 593 1934 Cetera
615 1867 774 1933 voeabula
804 1875 879 1933 sunt
901 1871 1034 1936 nomina
1057 1875 1256 1960 appellativa

126 1975 349 2056 substantiva,
383 1974 418 2038 in
445 1993 544 2038 versu
571 1971 754 2036 adulterino
783 1993 899 2038 versus
926 1973 999 2039 finis
1028 1975 1132 2041 forma
1154 1984 1262 2044 tetra·

125 2080 252 2166 syllaba
267 2077 430 2165 participii
447 2076 595 2141 efficitur.
629 2074 755 2140 Versus
773 2076 941 2163 spondiaci
965 2061 1056 2143 exitu
1079 2079 1257 2148 interuallis

122 2185 176 2249 vel
198 2184 363 2248 interuallo
391 2181 438 2268 (Π
461 2184 524 2246 682
548 2186 581 2246 01
603 2182 635 2245 V
658 2181 733 2268 314)
769 2189 844 2248 0010
868 2183 1039 2249 Manilium
1075 2189 1127 2252 usi
1162 2198 1256 2256 erant

122 2287 340 2352 Lucretius
362 2285 428 2350 bis:
451 2285 560 2349 Haec
581 2283 678 2365 copta
700 2305 756 2350 mec
773 2305 869 2366 porro
891 2288 1063 2352 maioribus
1077 2291 1256 2359 interuallis

125 2398 158 2457 et
179 2390 229 2454 IV
253 2393 313 2455 187
345 2391 430 2472 Qum
459 2388 551 2472 omasi
573 2387 731 2452 mmmmm
748 2409 867 2471 perque
889 2391 973 2454 atris
996 2392 1198 2459 interuallum
1222 2405 1256 2462 01

122 2493 344 2579 Vergilius
367 2493 449 2557 Aen.
472 2492 504 2556 V
528 2495 590 2556 326
607 2493 775 2574 promimus
796 2493 877 2573 hoio,
907 2495 995 2578 lomoo
1017 2497 1071 2561 sed
1088 2499 1254 2579 prosimos

122 2596 296 2662 interuallo.
341 2596 545 2678 Arommmtis
567 2595 761 2660 vocabulum
793 2598 827 2662 in
856 2598 922 2664 fine
944 2621 1059 2665 versus
1083 2603 1254 2670 collocavit

122 2702 186 2766 iam
200 2700 336 2766 Ovidius
349 2699 474 2764 duobus
488 2701 797 2786 metamorphoseon
808 2702 905 2766 locis:
921 2701 1022 2768 V169
1040 2710 1072 2769 01
1084 2703 1167 2769 XHI
1179 2709 1251 2774 684.

207 2805 372 2870 Versuum
418 2803 667 2890 spondiacorum
710 2804 838 2870 Manilii
881 2806 1005 2874 formae
1052 2814 1126 2873 sunt
1170 2810 1252 2875 hae:

120 2910 138 2972 I
173 2909 234 2973 381
270 2906 365 2983 (10(1(1;
402 2906 436 2970 H
469 2910 532 2972 682
567 2906 654 2994 sssd3
691 2907 741 2972 IV
775 2911 837 2973 679
870 2908 962 2986 (100(1;
1000 2911 1033 2975 V
1060 2915 1122 2977 314
1156 2913 1251 2990 dssd;

121 3015 152 3079 V
175 3016 238 3078 412
262 3010 355 3088 sdsd;
379 3011 443 3097 (ΠΙ
466 3013 528 3076 538
552 3010 659 3100 ddsd).

206 3116 245 3181 In
275 3115 434 3196 omnibus,
469 3113 509 3180 de
538 3115 654 3200 quibus
685 3115 823 3201 egimus,
855 3137 915 3181 sex
942 3118 1092 3182 versibus
1116 3141 1253 3186 caesura

121 3221 270 3308 legitima
292 3219 465 3286 intercedit
487 3225 563 3306 post
585 3219 695 3285 thesin
717 3218 811 3306 pedis
835 3219 935 3286 tertii.

521 3427 577 3492 De
603 3427 850 3495 elisionibus.

206 3547 408 3614 Elisicnibus
439 3549 541 3616 utitur
563 3547 718 3612 Manilius
750 3569 856 3634 neque
883 3548 979 3613 nimis
1009 3549 1120 3614 multis
1143 3572 1250 3637 neque

119 3654 216 3719 nimis
240 3652 338 3717 duris.
383 3652 524 3717 Vooales
549 3652 646 3730 enim,
670 3673 753 3738 quae
778 3651 953 3734 eliduntur,
976 3652 1152 3718 maximam
1175 3676 1250 3741 par-

118 3765 185 3826 tem
208 3759 325 3822 breves
349 3763 425 3820 sunt
448 3763 481 3822 et
503 3756 668 3822 rarissime
691 3777 775 3820 unus
799 3755 950 3842 idemque
966 3755 1160 3825 hexameter
1175 3760 1250 3845 plus

122 3884 220 3948 quam
243 3884 309 3927 una
325 3863 462 3927 elisione
477 3861 678 3949 deturpatur.
714 3861 878 3928 Maximus
896 3863 1069 3929 elisionum
1085 3864 1119 3928 in
1135 3863 1251 3929 eodem

118 3979 216 4032 versu
251 3986 404 4030 numerus
439 3966 580 4031 efficitur
611 3965 803 4031 elisionibus
826 3967 927 4031 ternis
951 3966 985 4030 in
1008 3967 1157 4032 versibus
1179 3968 1249 4032 his:

117 4070 215 4134 1766
237 4069 431 4134 Assaracum
452 4073 544 4152 atque
558 4068 646 4134 Ilmm
667 4070 874 4152 invictamque
892 4070 949 4135 sub
964 4070 1095 4135 Hectore
1115 4071 1250 4151 Troiam,

118 4197 182 4262 quo
206 4175 372 4240 tamenin
394 4197 502 4257 versu,
526 4197 600 4240 cum
627 4175 756 4242 codices
776 4177 947 4258 uictumque
972 4176 1150 4244 exhibeant
1173 4176 1251 4262 (nisi

191 4366 211 4432 1)
229 4363 262 4418 ef.
280 4361 386 4417 visen
398 4327 422 4415 r.
440 4363 458 4416 1.
