3208 5276
566 456 778 517 ..49-

114 643 178 704 317
197 663 265 726 sqq.
290 644 351 705 687
369 663 436 726 sqq.
455 645 515 705 704
532 663 601 726 sqq.
620 645 680 705 753
699 663 766 728 sqq.
783 647 855 707 804.
886 642 956 708 Vb.
974 646 1012 705 61
1031 664 1078 727 sq.
1095 645 1157 706 256
1173 663 1240 728 sqq.

118 747 180 808 702
198 743 270 829 sq),
295 752 351 809 aut
375 747 434 822 ita,
465 753 500 809 ut
527 745 707 831 asyndeton
732 769 803 811 cum
826 746 1042 833 polysyndeto
1071 768 1135 811 non
1166 767 1243 810 con-

114 851 262 914 iunctum
287 851 338 918 sit.
386 849 486 915 Cuius
509 853 641 935 generis
666 855 817 938 exempla
836 852 953 936 collegi
975 852 1066 932 haec,
1091 852 1243 937 sepositis

115 955 175 1034 eis,
200 975 282 1038 quae
307 956 403 1019 simul
427 955 605 1019 chiasmum
630 956 789 1020 officiunt:
814 957 896 1021 haec
919 957 1005 1020 enim
1028 957 1060 1020 in
1086 977 1125 1021 ca
1147 955 1243 1018 huius

115 1058 232 1144 capitis
264 1065 356 1144 parte
386 1059 536 1138 afferam,
575 1058 630 1122 ubi
663 1059 703 1124 de
740 1060 876 1124 chissmi
905 1060 1008 1144 figura
1043 1080 1149 1144 agam.
1205 1057 1245 1121 In

115 1182 183 1225 non
205 1163 317 1247 paucis
341 1162 491 1226 versibus
515 1161 610 1226 simul
634 1162 799 1248 anaphora
821 1168 980 1249 usurpata
1003 1169 1063 1226 cst.

183 1281 265 1335 1109
294 1297 360 1335 6066
387 1281 505 1349 farinas,
533 1297 584 1335 sua
610 1283 728 1334 nomina.
763 1282 858 1336 11477
885 1281 973 1350 Atque
1003 1281 1118 1334 aliorum
1146 1280 1245 1343 ocutos,

115 1367 232 1421 otiorum
258 1368 370 1421 contulit
396 1384 487 1422 aures.
524 1369 574 1421 518
593 1367 702 1421 Horum
720 1367 792 1435 odio,
813 1382 886 1420 0006
908 1366 1004 1420 borum
1021 1366 1090 1420 idem
1107 1365 1246 1418 ducantur

114 1471 223 1516 amora·
250 1454 316 1508 Iiiis
340 1457 460 1509 insidias
488 1456 610 1518 tendant,
639 1463 783 1524 captentur
805 1455 840 1510 ab
858 1456 924 1509 iliis.
960 1455 1011 1508 646
1030 1472 1082 1508 sua
1101 1454 1246 1522 quadratis

115 1540 235 1605 ueniunt,
263 1557 315 1595 sua
340 1541 403 1594 iura
428 1543 554 1609 triponis.
590 1543 638 1596 831
659 1543 714 1596 Hie
733 1550 801 1597 76067
820 1543 965 1596 arbitrium
983 1543 1063 1606 uitae,
1088 1543 1131 1594 hic
1149 1541 1246 1611 669070

115 1643 218 1682 morum
244 1634 290 1681 est.
325 1629 364 1683 ΙΠ
382 1629 433 1683 313
461 1629 590 1683 Omnibus
617 1637 778 1685 eructumnus
804 1631 904 1700 679076,
928 1647 975 1683 uer
1001 1629 1123 1682 omnibus
1150 1644 1242 1681 unuin.

115 1716 154 1770 1v
173 1715 223 1768 178
240 1731 328 1770 06006
345 1733 448 1784 semper
462 1732 579 1785 909066,
605 1733 676 1771 0606
704 1716 773 1771 belia
800 1717 932 1785 ferorum.
968 1717 1018 1771 772
1042 1717 1173 1784 Tempora
1191 1731 1245 1785 quo

113 1801 242 1869 pendent,
261 1806 357 1855 coeunt
375 1819 429 1870 quo
447 1819 555 1872 066906
573 1802 691 1872 diesque.
718 1804 800 1858 1199
817 1803 869 1857 buc
887 1803 959 1857 iiiuc.
986 1803 1075 1858 Π104
1096 1803 1246 1858 Venturae·

115 1905 168 1957 que
194 1889 285 1943 uident
308 1891 419 1957 biemes,
444 1891 570 1944 reditura
602 1908 706 1945 serena.
744 1893 792 1945 176
819 1911 858 1960 sq.
877 1892 978 1946 desinit
1005 1898 1109 1955 666766,
1139 1889 1246 1958 Incipit

117 1977 286 2029 eructumnus.
323 1977 372 2030 193
389 1977 501 2030 hiemem
518 1977 629 2039 claudit,
649 1994 695 2031 uer
713 1978 824 2031 incboat
842 1980 918 2033 aiter.
954 1979 1005 2032 258
1023 1996 1082 2046 sqq.
1117 1978 1247 2045 Scorpios
1297 2037 1311 2052 μ
1353 2018 1355 2022 .

114 2059 145 2112 in
163 2059 253 2114 Libro
270 2063 403 2116 consumit
421 2062 568 2128 broccum,-
598 2063 707 2116 Taurus
725 2063 847 2117 Succidit
868 2065 898 2117 in
920 2079 1003 2116 curuo
1026 2063 1142 2118 67606706
1164 2062 1246 2130 pedm

116 2146 221 2200 lumina
242 2145 346 2200 Cancro
365 2149 482 2214 Desunt,
508 2151 641 2203 Centauro
660 2157 784 2217 superest
807 2154 833 2203 et
855 2151 996 2219 quaeritur
1013 2167 1102 2204 uuum.
1138 2151 1190 2203 266
1208 2168 1248 2217 sq.

117 2233 219 2285 Aestas
237 2250 254 2284 6
274 2231 403 2298 Geminis,
431 2241 589 2289 auctumnus
611 2235 724 2305 Virpr'ae
750 2237 847 2305 606977,
873 2237 980 2291 Bruma
998 2235 1176 2306 Sapittifero‚
1203 2251 1249 2288 uer

116 2318 248 2372 Piscibus
274 2319 372 2386 incipit
398 2337 464 2374 6666.
510 2321 562 2374 426
586 2321 736 2375 Fructibus
766 2323 810 2374 bic
838 2322 930 2390 impiet
956 2352 997 2385 —‚
1022 2321 1143 2389 floribus
1171 2320 1248 2373 iliud.

114 2406 157 2459 ΠΙ
174 2404 224 2457 481
244 2405 314 2460 diem
333 2406 444 2460 brumae
461 2423 516 2462 noc
535 2414 648 2475 aequat,
674 2410 796 2475 tempora
814 2409 904 2462 noctis
923 2408 1021 2476 Lonpa
1038 2408 1102 2461 dies.
1140 2407 1190 2460 605
1209 2413 1249 2460 ter

115 2492 227 2545 vicenos
244 2493 376 2562 9600067,
401 2496 456 2546 tres
476 2493 614 2547 abstrahit
636 2509 729 2547 annos.
766 2494 1103 2564 64167967600766960,
1127 2494 1248 2547 6760600

117 2594 204 2645 mare,
223 2579 332 2635 condita
349 2584 448 2634 castra.
484 2581 521 2634 IV
539 2581 572 2634 74
591 2600 650 2649 sqq.
670 2582 851 2635 Succumbuut
877 2587 950 2636 artes
972 2582 1105 2644 rationis,
1132 2579 1249 2634 uincitur

119 2680 200 2731 usus,
230 2665 304 2719 Cura
326 2673 415 2731 06667,
442 2683 549 2722 cessare
572 2667 659 2731 iuvat,
687 2683 766 2722 mora
790 2685 871 2737 saepe
899 2669 1031 2722 maiorum
1055 2667 1116 2720 Dat
1139 2682 1249 2719 causas.

118 2751 153 2803 95
172 2751 241 2803 0676
259 2753 389 2806 consuitis
406 2753 523 2820 pretium
541 2756 587 2816 est,
611 2753 761 2822 prudentia
782 2753 864 2822 satta.
901 2753 1167 2818 367177667007607,
1195 2767 1250 2804 060

118 2843 257 2892 ostentant
283 2839 444 2894 mortalibus
476 2855 534 2892 ora.
578 2841 600 2893 V
626 2840 675 2893 172
702 2840 836 2907 10079067
862 2840 974 2908 somnis,
1002 2855 1083 2892 auras
1111 2838 1251 2892 industria

116 2922 210 2988 uincit,
237 2922 301 2976 Otia
326 2941 376 2993 per
403 2926 496 2979 uarios
523 2932 628 2980 recreet
654 2926 745 2980 dulcia
764 2927 850 2981 lusus.
885 2927 937 2979 495
956 2927 1013 2980 Ν66
1028 2943 1121 2996 pacem
1139 2942 1157 2978 a
1175 2924 1251 2992 betto,

116 3008 201 3062 ciuem
219 3009 353 3065 discernet
370 3012 405 3066 ab
424 3013 506 3066 bosia.

595 3168 779 3232 Chiasmi.

201 3289 308 3368 ‘Multa
332 3306 470 3370 chiasmi
494 3308 647 3393 exempla
670 3307 765 3370 simul
789 3327 862 3370 cum
885 3304 1037 3388 asyndeti
1053 3306 1158 3390 figura
1174 3326 1251 3368 con-

121 3408 233 3472 iuncta
257 3429 330 3473 esse
355 3430 452 3494 supra
475 3411 600 3485 monui;
624 3410 776 3495 exempla
800 3408 962 3494 exscripsi
986 3407 1084 3471 haee:

187 3526 202 3579 I
228 3527 279 3580 105
302 3527 443 3581 sonitum
473 3529 581 3581 uentis
609 3529 755 3591 concessit,
781 3526 924 3580 nubibus
951 3526 1065 3594 ipnem.
1112 3527 1162 3579 231
1191 3526 1253 3579 His

117 3613 220 3677 niodo,
248 3618 322 3682 post
348 3615 426 3668 iilis.
462 3614 513 3669 266
544 3613 700 3668 Cancrum
725 3614 801 3676 Leo,
832 3613 933 3680 Virpa
960 3612 1107 3667 Leonem.
1142 3613 1194 3666 466
1212 3631 1252 3681 sq.

116 3701 249 3768 ipur'bus
278 3700 368 3769 ipnes
386 3701 568 3769 Respondent,
599 3702 708 3755 media
737 3700 890 3755 eatr·emis
919 3701 1000 3767 atque
1023 3698 1119 3751 ultima
1137 3699 1252 3753 sarrianis.

118 3786 170 3839 672
198 3791 269 3840 76067
295 3805 313 3840 6
340 3803 455 3840 summo
484 3787 618 3855 Cancer,
649 3786 878 3854 Capricornus
905 3784 943 3837 ab
971 3784 1041 3836 imo.
1085 3786 1114 3838 Π
1138 3785 1188 3839 182
1212 3803 1254 3862 sq.¹

118 3873 205 3927 aiter
238 3873 408 3942 florentia
443 3876 590 3940 ternpore
623 3874 712 3928 ueris
744 3872 867 3940 Sufficit,
897 3875 1055 3927 aestatem
1086 3871 1252 3926 sitientem

116 3960 246 4028 provebit
277 3961 369 4014 aiter.
412 3961 462 4014 198
488 3979 528 4028 sq.
556 3961 646 4029 aspice
679 3961 815 4014 Taurum
844 3958 1012 4023 Cianibus,
1046 3964 1071 4012 et
1100 3957 1253 4013 Gentinos

114 4046 269 4114 pedibus,
288 4045 454 4100 testudine
469 4046 760 4114 06066008069606.
788 4045 1000 4113 2316106790οε
1019 4045 1252 4114 terraeCapri·

117 4131 431 4200 cornus,Aquarius
449 4132 556 4187 undis.
575 4132 625 4187 269
636 4132 788 4186 Hiberna
801 4132 951 4197 aestiuis,
964 4131 1146 4184 auctumnis
1157 4147 1254 4184 uerna

118 4226 282 4290 repupnant.
301 4220 351 4273 286
361 4221 488 4274 Denter
502 4221 553 4274 erit
567 4221 658 4273 Tauro
671 4219 902 4287 Capricornus,
915 4217 1019 4286 Virpo
1033 4217 1184 4272 sinistra.
1203 4218 1253 4271 687

118 4306 200 4359 Adde
212 4321 277 4360 suas
287 4312 403 4374 partes
416 4306 533 4376 679076,
547 4321 598 4358 600
611 4304 772 4372 partibus
785 4310 890 4358 astra.
907 4303 957 4357 693
968 4305 1090 4356 tenuem
1102 4305 1177 4357 uisu
1190 4319 1254 4368 rem,

116 4393 264 4462 pondere
292 4408 444 4468 069060,
481 4394 531 4454 776
557 4393 709 4470 solemque
734 4408 859 4462 nouum,
884 4407 969 4451 nouo
996 4390 1108 4448 sidera
1132 4397 1254 4450 cernunt.
