3208 5276
577 453 787 514 „19-

201 641 217 705 I
257 644 295 704 10
317 639 389 705 Das
410 638 552 702 orimum
573 637 713 719 uiresque
731 639 842 723 facis
863 640 910 704 ad
931 643 1022 704 tauta
1042 640 1182 705 aauouola

201 745 218 808 Ι
257 748 297 808 00
321 741 448 823 Semper
470 743 553 806 euim
574 761 612 806 ea
633 743 709 807 aliis
730 742 817 807 alia
835 744 1052 823 proseminat
1072 763 1148 808 usus

203 850 297 913 1876
321 847 494 927 Nunquam
512 845 712 930 futilibus
734 847 913 911 excanduit
934 847 1061 930 ionibus
1084 847 1188 912 aether

190 951 224 1015 H
241 954 302 1016 372
328 949 415 1033 Quod
434 949 531 1013 rimis
552 949 713 1014 iuoliuat
734 969 838 1029 aeuo,
862 951 1006 1032 limisque
1029 951 1175 1016 videatur

97 1095 101 1101 ·
191 1055 224 1119 H
241 1058 302 1119 495
332 1053 470 1118 Vertitur
492 1052 527 1116 iu
549 1056 662 1116 semet
684 1052 822 1132 oralia,
845 1054 881 1117 iu
903 1058 1013 1118 mutua
1035 1053 1172 1118 traduat.

114 1160 222 1225 Huius
246 1165 355 1224 tamen
377 1157 562 1225 hexametri
583 1157 711 1223 initium
742 1157 897 1223 Gmulto
932 1159 1114 1244 elegantius
1147 1157 1244 1223 tradit

114 1265 195 1330 hoo:
219 1263 263 1328 Iu
284 1265 376 1327 semet
396 1264 521 1326 uertuut
542 1262 653 1326 oeulos,

199 1364 325 1430 Eadem
349 1363 538 1429 oondieione
567 1363 693 1428 hiatum
723 1364 855 1429 admisit
876 1370 976 1450 poeta
997 1366 1079 1430 loeis
1100 1365 1243 1429 duobus:

199 1471 215 1535 I
239 1475 299 1535 705
322 1469 482 1534 Hrmritus
503 1469 653 1534 eaelum
676 1472 709 1534 et
732 1469 849 1536 Claudi
870 1487 986 1551 maara
1002 1488 1144 1552 propaoo

188 1574 221 1639 Π
244 1576 302 1639 831
328 1573 392 1636 Hie
413 1575 493 1636 temet
513 1571 682 1636 arbitrium
703 1573 816 1650 uitae,
839 1572 899 1637 bio
920 1572 1029 1654 reyula
1051 1591 1171 1636 morum
1190 1576 1244 1652 est,

112 1701 176 1765 quo
193 1680 226 1743 in
239 1699 335 1743 uersu
348 1677 530 1758 Bentleins‚
544 1681 582 1741 ut
596 1675 719 1741 hiatum
737 1676 883 1759 evitaret,
907 1677 986 1754 vitai
1001 1677 1083 1742 elisa
1099 1677 1125 1740 ·i
1139 1677 1245 1741 vocali

113 1782 382 1866 extremalegere
394 1779 518 1862 maluit,
532 1779 730 1856 sediniuria;
746 1781 780 1844 in
794 1780 907 1846 oodioe
917 1779 952 1846 M
962 1780 1036 1845 etin
1046 1779 1243 1844 editionibus

112 1887 279 1954 veteribus
308 1887 394 1951 inter
418 1887 500 1950 ottae
523 1891 556 1951 et
583 1885 633 1950 hie
658 1887 820 1972 particula
848 1891 965 1968 atque
987 1887 1160 1951 interiecta
1183 1892 1243 1950 est.

115 1991 349 2072 (intensionis,
373 2011 453 2075 quos
465 1989 605 2054 Iaoobua
621 1989 655 2054 in
670 1991 775 2056 indiae
792 1989 928 2056 editioni
944 1989 1042 2055 affixo
1067 2013 1091 2054 s.
1104 2011 1133 2053 v.
1150 1988 1220 2054 hia
1230 2029 1243 2040 -

112 2101 178 2160 tus
201 2095 309 2176 affert,
345 2093 471 2177 syllaba
501 2090 608 2158 finalis
638 2093 746 2159 brevis
778 2095 896 2159 iniuria
929 2093 1134 2180 producitur:
1169 2115 1244 2158 nam
1315 2119 1321 2129 ·

112 2199 164 2263 IH
188 2203 207 2262 4
234 2197 356 2264 Ooaor
378 2201 410 2260 et
430 2196 539 2278 diauos
562 2196 691 2263 codices
715 2197 786 2263 GM
809 2203 935 2263 mutant
957 2199 991 2261 in
1017 2197 1117 2263 Cruor
1141 2201 1169 2260 et
1192 2198 1242 2260 iu-

112 2305 224 2388 diyaos
242 2304 385 2389 itemque
406 2301 434 2366 L
452 2299 551 2366 habet
572 2305 601 2365 et
614 2285 753 2385 ¹’utiquam
775 2303 827 2368 ΠΙ
852 2305 910 2368 188
937 2325 995 2390 pro
1019 2301 1245 2366 rruraerabis

118 2405 259 2473 ordire
274 2409 385 2488 partes
406 2405 581 2490 legendum
605 2411 656 2470 eat
678 2406 713 2468 iu
735 2405 864 2484 ordiue;
885 2405 934 2471 IV
958 2407 1019 2470 248
1042 2405 1245 2486 duplioari

113 2515 155 2576 et
176 2515 243 2574 arte
264 2510 308 2574 M.
331 2509 445 2596 Haupt
468 2507 593 2595 (opusc.
616 2509 651 2572 H
675 2511 736 2573 342
761 2508 823 2594 sq.)
853 2510 944 2574 hiatu
967 2509 1131 2574 foedatam
1154 2508 1243 2573 olau-

120 2617 225 2680 sulam
264 2615 390 2679 sanavit
431 2613 631 2679 emendando
678 2613 839 2694 duplicare
885 2619 1057 2695 reportam3
1104 2612 1244 2699 denique

116 2717 167 2782 IV
190 2721 251 2784 280
275 2740 333 2806 pro
356 2716 474 2782 oiueit
495 2722 531 2782 et
551 2719 672 2782 amerit
693 2740 766 2783 eum
782 2719 819 2783 L.
833 2717 992 2784 Muellero
1016 2717 1070 2800 (de
1093 2739 1128 2782 re
1151 2721 1244 2782 metr.

117 2845 149 2908 p.
175 2822 250 2909 333)
274 2821 455 2888 Bechertus
480 2820 553 2908 (1.1.
575 2844 607 2908 p.
631 2820 685 2908 52)
709 2822 824 2887 maluit
846 2821 900 2887 sed
920 2822 1040 2887 mouerit
1062 2821 1214 2887 seribere.

329 3045 330 3048 ¹
383 3011 444 3077 'De
470 3033 647 3098 syncope
671 3019 710 3078 et
734 3011 975 3095 synhaerasi.

204 3132 425 3221 Synoopen
448 3133 614 3220 patiuntur
636 3133 722 3221 apud
744 3132 916 3197 Manilium
940 3131 1004 3196 duo
1028 3132 1245 3197 substantiva:

108 3234 334 3318 perieulum
357 3241 390 3300 et
406 3234 615 3312 oiuoulam;
633 3241 813 3300 extremam
831 3234 916 3298 enim
933 3233 1118 3299 hexametri
1135 3233 1247 3299 sedem

116 3345 255 3426 oooupat
292 3356 387 3405 easus
424 3339 616 3420 periclum
660 3339 855 3405 substantivi
892 3338 972 3402 loois
1011 3339 1080 3403 his:
1119 3337 1136 3401 I
1174 3343 1246 3402 414.

114 3443 255 3510 ΙΠ127.
299 3442 349 3507 IV
366 3445 436 3507 816.
482 3443 514 3507 V
531 3445 603 3507 309.
626 3446 703 3517 652;
727 3441 868 3506 otuela
890 3442 1030 3527 legimus
1047 3442 1081 3505 in
1099 3447 1246 3506 extremo

115 3549 308 3612 hexametro
330 3545 364 3609 H
387 3548 458 3610 630.
502 3545 650 3610 111107.
694 3545 822 3612 Vere.
846 3547 922 3627 552,
957 3545 991 3609 in
1028 3545 1101 3610 aliis
1133 3566 1247 3610 versus

115 3651 264 3739 partibus
292 3649 380 3715 idem
409 3649 648 3715 substantivum
677 3649 915 3716 5115111148.
939 3651 1012 3712 015.
1035 3652 1115 3723 061;
1146 3651 1249 3714 semel

115 3753 346 3842 pronuntiatur
375 3753 533 3818 oiuoula
562 3751 596 3816 H
627 3755 689 3818 805
723 3754 757 3817 in
792 3753 903 3838 quinto
936 3753 1120 3819 hexametri
1153 3753 1249 3840 peda.

115 3858 295 3923 Praeterea
317 3861 504 3922 constanter
526 3856 666 3941 legimus
683 3855 889 3936 prendere:
918 3854 953 3919 ΙΙ
979 3859 1050 3922 127.
1100 3855 1151 3920 ΠΙ
1175 3859 1247 3924 388.

116 3961 168 4025 IV
200 3963 237 4024 21
275 3959 380 4043 (aodd.
407 3957 572 4045 pomnen
611 3958 884 4046 comprendere:
922 3959 939 4022 l
971 3961 1040 4024 108.
1073 3963 1146 4026 348.
1176 3963 1249 4026 832.

115 4064 170 4130 ΠΙ
188 4069 257 4131 104.
291 4065 417 4142 Vrsa
440 4064 679 4146 dopreudere:
701 4064 718 4127 I
741 4065 792 4130 63.
816 4067 888 4130 506.
914 4066 987 4132 822.
1011 4066 1083 4129 830.
1114 4064 1164 4130 ΙΠ
1187 4068 1249 4130 215

118 4167 191 4255 (ubi
219 4169 253 4232 in
277 4167 307 4233 (1
330 4174 382 4234 est
403 4167 610 4251 remendare).
654 4167 686 4231 V
708 4170 781 4233 207.

207 4271 506 4358 Synhaereseos
530 4273 683 4359 exempla
706 4293 778 4336 eum
798 4271 884 4360 apud
898 4271 1067 4336 Manilium
1083 4280 1254 4339 occurrant

119 4375 212 4440 nulla
236 4374 536 4463 (praetoremque),
561 4375 598 4443 L.
622 4371 764 4444 Mueller
771 4375 796 4466 1)
834 4397 899 4450 non
931 4381 1054 4450 temere
1088 4376 1252 4453 iudicasse
