3208 5276
577 457 788 518 „21-

206 641 284 705 Pes
320 641 460 727 denique
493 643 732 708 hexametri
766 645 936 730 quintus
972 646 1112 711 efficitur
1147 646 1248 711 verbo

119 745 346 831 pyrrhichiaco
370 746 591 831 praecedente
615 747 714 812 verbo
739 747 915 834 spondiaco
937 771 1002 814 uno
1026 751 1112 815 loco:

205 849 302 914 1521
327 848 416 914 Idem
437 869 555 932 semper
577 851 645 928 ortt,
669 852 816 932 pacatam
839 871 988 934 semper
1005 852 1095 938 fait
1115 853 1205 917 idern

118 953 267 1018 Eandem
301 955 484 1020 hexametri
522 954 634 1020 sedem
670 962 860 1043 occupatam
894 957 994 1023 verbo
1023 957 1248 1043 pyrrhichiaco

117 1058 337 1144 praecedente
350 1060 449 1123 verbo
462 1060 672 1146 anapaestico
690 1059 776 1147 apud
788 1060 957 1125 Manilium
969 1060 1088 1125 frustra
1101 1079 1248 1145 quaeras.

581 1295 784 1302 ...—...-.-..-.

551 1472 737 1538 oAPou
771 1474 817 1538 II.

343 1603 392 1659 De
414 1602 561 1660 flexione
583 1606 618 1659 ot
640 1603 682 1658 de
705 1603 805 1672 copia
826 1605 1018 1661 verborum.

117 1728 345 1797 Declinatio
362 1733 553 1798 nominum
570 1733 896 1799 substantivorum
909 1741 948 1800 et
960 1734 1250 1800 adiectivorum

203 1851 254 1918 De
282 1856 438 1942 primae
467 1856 772 1921 declinationis
799 1858 912 1922 formis
940 1859 1022 1922 nihil
1050 1857 1247 1922 monendum

118 1962 186 2038 est,
221 1958 284 2022 nisi
318 1961 488 2047 probatum
522 1982 694 2046 perperam
729 1982 802 2026 esse
831 1961 953 2027 Iacobo
988 1962 1091 2028 semel
1123 1982 1246 2046 gene-

118 2061 249 2125 tivum
292 2064 515 2149 singularis
559 2064 686 2128 numeri
722 2064 756 2129 in
801 2065 863 2130 -oc'
900 2072 1076 2131 exeuntem
1114 2065 1147 2129 V
1185 2067 1247 2129 340

118 2161 244 2244 Nepai
265 2166 320 2246 ita,
343 2174 380 2231 ut
402 2167 596 2232 vocabulum
619 2169 818 2253 bisyllabum
842 2169 898 2233 sit:
927 2176 960 2233 at
984 2176 1017 2234 et
1041 2169 1099 2233 -at'
1121 2169 1248 2256 geneti-

118 2289 231 2334 vomm
260 2272 383 2336 exitum
413 2278 598 2337 constanter
627 2271 826 2358 bisyllabum
854 2273 1105 2358 pronuntiarunt
1127 2279 1246 2357 poetae

118 2372 261 2458 Augusti
284 2378 438 2462 aequales
462 2383 494 2441 et
517 2377 550 2441 in
574 2376 739 2441 codicibus
762 2376 942 2457 nonNopai
963 2377 1093 2462 legitur,
1118 2376 1248 2441 sedant

112 2477 192 2557 pori
213 2479 268 2542 oia
290 2478 369 2566 (ΘΟ
391 2480 452 2565 V1)
488 2487 544 2545 aut
562 2480 674 2562 porois
698 2477 753 2566 (L)
777 2486 833 2544 aut
853 2479 930 2560 pari
952 2478 1013 2565 (M)
1043 2486 1098 2544 aut
1126 2481 1248 2562 reptem

111 2582 213 2661 panis
236 2581 365 2670 (Vrbe
401 2606 463 2671 qua
499 2587 639 2651 lectione
674 2585 738 2649 iam
761 2583 906 2669 Scaliger
928 2583 1035 2664 Nepae
1058 2585 1201 2649 restituit
1211 2584 1247 2672 ¹).

118 2681 360 2753 Genetivum
390 2690 556 2776 pluralis
586 2690 620 2753 in
649 2709 727 2753 -am
753 2709 811 2776 pro
841 2708 952 2752 -oram
974 2687 1126 2753 formavit
1147 2694 1247 2776 poeta

116 2788 168 2852 IV
193 2793 253 2854 762
276 2791 515 2879 macerano,

203 2893 254 2959 De
280 2896 475 2961 secundae
499 2916 581 2981 quae
598 2895 716 2960 dicitur
736 2894 1024 2960 declinationis
1049 2897 1246 2981 genetivis

118 2997 397 3064 substantivorum
431 3001 465 3064 in
495 3001 576 3064 -c'os
604 3001 657 3064 vel
685 2999 718 3064 in
741 2999 835 3063 -iam
864 2999 1054 3064 exeuntium
1076 3001 1110 3062 in
1132 3000 1166 3062 -t'
1188 3021 1246 3087 pro

116 3101 169 3165 -ia’
191 3103 338 3168 formatis
363 3125 460 3191 supra
482 3123 557 3191 pag.
582 3107 619 3168 61
647 3125 694 3188 sq.
717 3102 817 3167 verba
839 3103 912 3167 feci.
956 3100 995 3166 In
1019 3123 1112 3167 casu
1139 3110 1246 3169 recto

115 3208 288 3294 pluralis
311 3208 462 3273 numeri
484 3209 533 3272 -a'i
556 3208 646 3273 exitu
668 3229 748 3273 usus
774 3212 825 3273 est
844 3212 957 3293 poeta:
981 3205 1140 3270 habemus
1159 3207 1245 3271 enim

114 3309 219 3375 Ι787
246 3310 337 3377 Carti
365 3309 474 3400 (codd.
496 3311 656 3398 praebent
681 3310 811 3396 Curias)
846 3316 880 3375 et
912 3311 1065 3375 unanimo
1097 3309 1246 3375 codicum

115 3435 280 3480 consensu
303 3415 319 3478 Ι
344 3418 404 3481 789
426 3414 526 3495 Decii,
549 3422 585 3480 ut
606 3414 783 3501 legendum
807 3415 865 3479 sit:

234 3517 393 3586 Certoates
415 3518 507 3585 Decii
529 3520 606 3584 rotis
627 3541 685 3606 pro
712 3518 930 3599 Certaotesqae
951 3515 1032 3583 Deci
1052 3517 1140 3581 cotia

114 3621 266 3688 Eundem
301 3645 411 3690 casum
441 3646 461 3689 a
494 3624 584 3689 deas
625 3623 783 3688 vocabulo
819 3621 977 3687 derivavit
1015 3626 1114 3708 poeta
1142 3620 1245 3684 1422

113 3727 149 3791 di
165 3725 272 3813 (codd.
297 3730 410 3794 tumidi
432 3751 489 3817 pro
513 3733 578 3794 tum
600 3727 646 3814 di)
669 3729 813 3813 itemque
837 3727 1070 3790 ablativum
1092 3725 1142 3789 dis
1160 3725 1177 3789 Ι
1194 3727 1243 3789 29.

115 3831 316 3898 Genetivi
339 3834 462 3899 formae
486 3834 520 3897 in
542 3853 617 3896 -am
649 3853 706 3917 pro
739 3850 849 3894 -orttm
872 3829 991 3894 cadunt
1020 3829 1054 3892 in
1077 3828 1244 3893 vocabulis

113 3937 184 4002 his:
208 3937 362 4020 Arpinum
383 3936 401 4001 I
424 3941 497 4003 694.
540 3935 693 4002 Danaam
715 3934 732 3998 I
756 3937 828 4017 765,
851 3933 941 3998 deam
956 3932 973 3996 I
990 3935 1051 3997 803
1062 3932 1108 4019 Ι(Ο
1124 3932 1244 4011 diuum,

115 4039 279 4105 Geticam
302 4063 344 4106 ex
365 4040 452 4104 diam
475 4039 682 4127 correctum).
727 4038 762 4102 ΙΙ
785 4042 856 4103 441.
893 4037 999 4101 dicum
1026 4036 1043 4099 Ι
1074 4039 1145 4100 752.
1170 4038 1242 4100 803.

112 4145 216 4209 wara
237 4144 344 4210 1911.
367 4145 596 4228 squammarum
618 4143 650 4207 V
663 4145 741 4220 6783
765 4148 878 4208 contra
900 4141 1076 4208 eorundem
1099 4140 1243 4206 voeabu-

185 4337 205 4403 ι)
224 4335 257 4390 of.
276 4334 394 4389 Bechort
420 4334 438 4390 l.
460 4335 478 4391 l.
502 4353 529 4404 p.
548 4335 590 4388 59.
624 4336 635 4402 ll
671 4336 693 4403 ²)
712 4333 743 4389 cf.
763 4334 869 4400 Neue,
896 4332 1090 4388 Formenlehre
1117 4331 1165 4386 dor
1192 4331 1241 4386 lot.

112 4422 234 4493 Sprache
252 4422 282 4476 1²
309 4440 336 4492 p.
357 4423 399 4477 21.
