3208 5276
218 1337 360 1437 iiarmen
400 1396 442 1438 ex
479 1379 572 1459 parte
611 1373 852 1452 difficillimum,
895 1373 979 1458 quod
1013 1395 1098 1438 nunc
1132 1373 1257 1437 Manilii

131 1499 252 1543 nomen
274 1499 353 1563 prae
377 1499 412 1542 sc
436 1477 513 1558 fert,
541 1497 647 1562 neque
676 1477 717 1540 ab
740 1479 806 1540 ullo
831 1478 989 1562 scriptore
1013 1477 1145 1562 antiquo
1169 1494 1257 1541 com-

131 1589 346 1661 memoratur,
370 1603 476 1667 neque
501 1582 571 1646 eius
594 1589 711 1668 poetae
734 1603 853 1645 nomen
875 1582 909 1644 in
932 1581 1097 1645 codicibus
1120 1581 1256 1666 legitur:

127 1706 205 1748 nam
240 1685 451 1764 »Manili-i,
485 1685 652 1763 Maelii,
684 1685 845 1748 Mollia«
886 1706 984 1749 voces
1021 1687 1056 1748 in
1090 1685 1256 1750 codicibus

126 1789 293 1874 plerisque
317 1811 336 1853 a
359 1790 508 1854 manibus
533 1790 770 1854 recentioribus
794 1791 937 1864 saeculo,
961 1796 997 1854 ut
1013 1790 1152 1868 videtur,¹
1174 1790 1257 1853 XVI

126 1894 278 1988 appictae
303 1894 430 1976 sun.t¹);
455 1895 581 1992 accedit
604 1894 690 1979 quod
713 1916 818 1979 neque
843 1895 1005 1980 integrum
1023 1917 1041 1972 a
1058 1895 1256 1988 gravibusve

57 2035 58 2042 κ
127 1996 331 2071 detrimentis
369 1997 530 2070 sincerum
563 1998 642 2064 illud
677 2019 807 2076 carmen
842 2006 1006 2075 servatum
1036 2006 1087 2062 est
1108 2000 1142 2075 in
1164 1997 1257 2075 libris

125 2121 225 2166 manu
264 2101 393 2185 scriptis
434 2107 470 2166 et
502 2102 628 2169 criseos
664 2101 861 2166 Manilianas
905 2101 1116 2167 fundamenta
1152 2122 1258 2186 nuper

123 2203 256 2268 demum
280 2225 299 2266 a
321 2204 502 2268 Malvino
526 2204 708 2270 Bechert
730 2207 763 2269 in
786 2207 899 2270 libello
922 2207 1007 2270 infra
1023 2206 1154 2271 laudato
1171 2207 1258 2269 iacta

124 2313 212 2378 sunt.
251 2306 314 2380 Qui
330 2308 379 2371 vir
394 2307 507 2371 doetus
525 2315 676 2392 quattuor
693 2311 823 2402 optimis
841 2310 1021 2390 codicibus,
1045 2310 1258 2380 Bruxellensi

126 2411 233 2479 altero
257 2409 537 2498 (Gemblacensi),
560 2412 741 2500 Lipsiensi,
764 2413 982 2488 Leideusibus
1006 2413 1132 2489 duobus
1157 2412 1257 2498 (Vos-

123 2515 219 2592 siauo
236 2515 344 2600 priore
362 2522 395 2580 et
408 2516 572 2594 Messiano
590 2515 707 2602 altero)
731 2517 837 2594 denuo
858 2518 1106 2594 ,accuratissime
1130 2518 1257 2594 collatis

125 2619 293 2700 Iacobum,
306 2621 365 2705 qui
377 2619 504 2684 Manilii
514 2643 652 2685 carmen
668 2621 845 2686 novissime
859 2661 901 2670 —
912 2643 997 2688 auno
1009 2622 1041 2688 lr.
1053 2644 1077 2686 s.
1091 2613 1203 2685 XLVI
1216 2659 1257 2680 —.

123 2722 243 2804 edidit,
269 2745 292 2800 a
315 2730 405 2788 recta
428 2725 551 2788 criseos
575 2725 628 2786 via
649 2724 825 2788 deflexisse
850 2725 1007 2802 ostendit,
1042 2745 1115 2788 cum
1137 2725 1256 2788 librum
1372 2719 1374 2726 ’

126 2825 327 2890 Vossianum
351 2829 488 2904 alterum
512 2829 653 2892 omnium
678 2829 835 2918 optimum
853 2835 885 2892 et
901 2830 994 2912 quasi
1008 2827 1257 2900 fundamentum

127 2931 250 3006 crisces
274 2931 471 2996 Manilianas
496 2953 570 3004 esse
594 2932 831 3011 aestimandum
858 2931 1128 3020 contenderem),
1159 2951 1256 3017 quern

62 3063 65 3076 ·
123 3035 272 3108 ,codicem
295 3057 315 3106 a
337 3036 457 3112 iacebo
481 3025 697 3120 neglegenter
710 3037 867 3111 collatum
884 3057 957 3100 esse
974 3036 1061 3110 idem
1077 3037 1126 3112 vir
1137 3035 1256 3112 ,doetus
1282 3101 1284 3106 ,

122 3137 409 3225 ,demonstrantia
453 3139 569 3224 Meque
590 3140 723 3217 ,omnino
747 3139 860 3204 iacobi
884 3139 985 3204 editio
1015 3141 1048 3203 in
1070 3160 1256 3214 sermonem

123 3244 252 3307 Manilii
272 3247 457 3308 accuratius
479 3246 655 3330 inquirenti
672 3245 820 3324 sufficiet,
845 3247 997 3346 quoniam
1019 3245 1166 3310 codicum
1183 3267 1256 3309 cum

123 3349 261 3412 aliorum
283 3355 353 3424 tum
377 3348 626 3429 (lemblacensis
650 3349 724 3412 libri
752 3351 867 3441 optimi
896 3350 1057 3415 lectiones
1081 3350 1187 3424 varias
1209 3350 1257 3412 ita

124 3452 328 3538 subscripsit,
344 3459 389 3533 ut,
405 3453 482 3538 quid
500 3454 699 3538 singulorum
715 3452 863 3532 codicum
879 3453 1046 3540 proprium
1063 3453 1115 3534 sit,
1139 3473 1255 3537 saepe-

116 3576 259 3632 ,munero
280 3575 482 3640 cognoscere
504 3577 660 3640 nequeas.
905 3541 906 3546 ἵ
942 3541 944 3546 ’

136 3723 138 3728 ,
209 3657 286 3742 lpse
311 3679 378 3742 ‚qua
407 3679 442 3722 re
473 3664 653 3724 commotus
680 3657 762 3736 sim,
793 3663 846 3738 ut,
880 3679 952 3722 cum
981 3655 1109 3734 Manilii
1144 3655 1254 3736 editio,

117 3781 220 3845 ¹quam
243 3761 388 3826 criticam
412 3760 560 3836 dicimus,
580 3760 625 3824 ad
644 3781 762 3823 manus
786 3781 852 3822 non
872 3766 980 3837 esset,
1007 3759 1046 3823 de
1070 3760 1254 3824 elocutione

123 3865 303 3936 Maniliana
332 3885 543 3950 quaererem,
569 3864 716 3928 breviter
743 3885 917 3950 exponam.
966 3863 1050 3936 Nam
1079 3885 1151 3929 eum
1174 3863 1255 3926 illud

123 3989 256 4044 carmen
278 3970 501 4056 perlegerem,
533 3969 630 4040 facilc
659 3953 798 4057 cognovi
820 3975 952 4058 poetam
983 3967 1134 4046 similiter
1156 3973 1254 4052 atquc

194 4157 213 4224 ¹)
232 4143 318 4222 cfssM.
337 4155 491 4220 Bechert‚
504 4155 538 4219 de
556 4155 593 4214 M·
604 4155 714 4222 Manilii
732 4155 898 4225 emendandi
914 4154 1031 4218 ratione,
1049 4153 1091 4211 in:
1110 4153 1256 4228 Leipzigcr

122 4243 240 4306 Studien
258 4262 306 4310 aur
323 4243 573 4314 classPhilologie,
592 4244 705 4312 Lipsiae
725 4245 918 4322 l878.1p.‚5.
938 4244 978 4302 10.
997 4244 1038 4298 11.
1068 4246 1079 4312 ΙΙ
1104 4243 1125 4312 ²)
1139 4243 1256 4302 Bechert

121 4333 140 4386 1.
159 4332 177 4384 l.
196 4349 222 4402 p.
241 4333 282 4410 61.
313 4335 323 4400 Η
355 4335 376 4400 ³)
395 4330 462 4387 ibid.
479 4350 507 4402 p.
526 4331 560 4392 26
578 4349 618 4406 sq·
1014 4416 1050 4467 1*
