3208 5276
580 433 791 494 ..47-

184 618 266 672 1324
292 637 332 688 sq.
355 619 425 672 inter
447 619 553 673 Sidera.
590 619 647 671 V8
671 637 710 686 sq.
732 619 823 673 onznia
849 621 950 674 oircmn
979 619 1084 674 Sidera.
1128 619 1179 673 282
1206 638 1246 688 sq.

113 720 268 774 superque
287 705 396 758 Ducere
410 704 589 772 pendentes
607 703 708 756 ortes.

573 878 804 942 Antithetu.

201 1001 375 1065 Antitheta
398 1021 416 1064 a
438 999 572 1065 Manilio
596 1000 629 1063 in
653 999 780 1064 deliciis
803 1000 919 1064 heberi
943 1001 1118 1066 ostendunt
1134 1022 1247 1066 exem-

117 1107 175 1192 plu
196 1105 295 1169 hoec:

183 1207 247 1262 Ι57
266 1211 421 1276 quantoque
440 1221 520 1274 quom
534 1205 626 1274 porri.
662 1204 711 1258 241
729 1205 837 1273 pariter
855 1212 1008 1276 serpente
1026 1207 1072 1260 oia
1087 1207 1248 1276 pariterque

113 1295 258 1348 cadente.
288 1294 339 1347 246
358 1293 502 1361 distinquit
519 1299 544 1348 et
562 1293 658 1360 alliqat
676 1292 765 1346 undis.
792 1294 844 1348 306
862 1294 963 1348 diuidit
980 1300 1005 1348 et
1024 1294 1118 1364 cinpit.
1146 1293 1197 1346 307
1214 1309 1248 1347 ne

112 1386 211 1434 coeant
228 1381 367 1434 obeantoe.
403 1380 455 1434 360
474 1379 670 1448 spoliumque
687 1378 749 1446 sili,
771 1382 949 1448 pestemque
970 1379 1081 1435 uidenti.
1117 1380 1169 1434 422
1187 1399 1247 1448 sqq.

112 1470 170 1520 tum
193 1467 227 1520 dt
244 1483 348 1535 quoqne
366 1482 496 1533 maqnos
516 1467 714 1536 Quaesioere
740 1465 828 1530 deos,
856 1466 1000 1521 dubitabat
1027 1467 1154 1536 Iuppiter
1179 1467 1247 1535 ipse,

115 1554 209 1622 Quod
233 1555 364 1621 poterat
386 1568 448 1606 non
464 1568 563 1620 posse
582 1553 682 1606 timens.
718 1553 770 1606 452
792 1553 1098 1622 distinqui-claudique.
1133 1552 1183 1606 519
1200 1567 1248 1605 nec

113 1641 199 1708 lonpa
216 1639 274 1694 dieo
293 1643 389 1708 auqet
406 1640 578 1708 minuitque
597 1645 729 1693 senectus.
760 1638 811 1692 528
829 1655 881 1708 quo
899 1642 1012 1708 crescat,
1030 1655 1115 1708 quoue
1132 1639 1248 1694 recedat.

112 1727 165 1780 537
176 1727 336 1796 veniuntque
352 1729 511 1796 caduntque.
539 1727 588 1780 661
603 1731 671 1794 tepet
690 1729 715 1779 et
732 1726 841 1793 referet.
869 1725 920 1780 862
929 1727 1103 1795 sequiturque
1112 1726 1247 1795 fuqitque.

111 1813 141 1866 Π
160 1813 194 1867 73
211 1814 348 1867 non-diem
367 1813 517 1883 superet,
535 1829 700 1881 rursumque
717 1812 859 1881 superet.
894 1813 929 1866 88
950 1812 1092 1882 redditque
1112 1814 1247 1882 rapitque.

111 1899 147 1952 89
166 1897 284 1952 immittit
301 1904 326 1952 11
344 1898 445 1967 aufert.
482 1899 533 1952 160
556 1898 635 1952 addit
659 1905 684 1952 et
706 1897 807 1966 aufert.
843 1899 893 1951 327
921 1899 1075 1966 transitque
1102 1897 1248 1968 refertque.

112 1985 166 2037 649
176 1985 254 2038 modo
273 1985 435 2054 deterres,
455 1983 532 2038 modo
551 1984 718 2039 detrahit.
742 1985 794 2038 633
806 1987 953 2039 tenuem
969 1986 1031 2039 uisu
1048 2001 1111 2048 rem,
1127 1984 1249 2052 paudere

112 2087 165 2124 1111
170 2087 276 2141 quone.
295 2071 347 2124 870
356 2069 539 2124 scandendum
549 2075 588 2123 est
597 2076 677 2139 atque
687 2070 844 2126 cadendum.
863 2071 914 2124 918
924 2089 964 2138 sq.
974 2087 1028 2140 qno
1037 2087 1140 2124 eranum
1150 2070 1248 2124 accli-

112 2157 170 2210 oia
183 2156 284 2226 finem
292 2157 446 2221 Invenient,
461 2173 516 2225 qua
526 2156 730 2225 principium
742 2158 865 2211 declivi
872 2174 889 2210 a
902 2163 1017 2210 sumunt.
1036 2156 1249 2210 92811111111

111 2243 143 2296 in
162 2243 258 2311 lonqo
276 2243 436 2311 compendio
454 2244 573 2297 carmine
588 2249 720 2312 perstent.
752 2243 802 2296 957
821 2242 970 2311 recipitque
988 2243 1133 2312 refertque.
1159 2243 1200 2296 III
1214 2243 1248 2296 89

114 2331 258 2385 laeduntve
275 2331 409 2383 incantos.
432 2329 465 2382 91
483 2329 556 2398 solia
574 2335 624 2383 out
642 2330 729 2384 triste.
748 2329 800 2383 263
818 2328 938 2382 radunt
955 2335 1082 2392 noctes,
1099 2334 1249 2396 11111111-

112 2418 291 2487 que-luees.
327 2415 377 2469 277
404 2432 437 2469 ne
462 2433 578 2486 mapna
603 2415 634 2468 in
662 2415 814 2470 breoilus
839 2416 952 2483 pereant
978 2415 1137 2483 corripendia
1163 2414 1250 2470 diotre.

112 2504 167 2558 322
193 2503 446 2557 mundus-latet·
454 2508 610 2571 patetque.
654 2501 706 2554 436
734 2501 874 2570 occipiunt
899 2501 1068 2570 redduntque
1102 2501 1146 2568 (ex
1178 2500 1249 2555 coni.

90 2619 92 2622 ·
112 2590 226 2658 Bentl.).
262 2589 299 2643 IV
318 2590 351 2642 16
368 2595 509 2643 nascentes
527 2589 664 2642 morimur.
701 2587 734 2640 72
752 2587 796 2641 tris
814 2587 871 2642 cita
889 2587 1026 2656 dupleoc,
1049 2587 1105 2642 illis
1121 2589 1170 2641 oin
1188 2602 1249 2641 con·

114 2677 182 2746 tipit
198 2693 270 2730 nno.
302 2676 334 2729 76
353 2675 542 2744 laeduntque
559 2673 643 2740 oili,
659 2681 858 2744 pareantque
874 2691 1004 2729 uenena.
1039 2674 1072 2727 87
1090 2674 1249 2728 inuictum

113 2762 246 2816 deuicta
266 2767 351 2816 morte
371 2761 504 2816 (tatonem.
541 2762 590 2815 127
613 2760 758 2815 crescendo
781 2761 866 2815 cadet.
903 2760 954 2814 130
975 2776 1046 2815 nunc
1067 2761 1249 2828 qlomerore

21 2907 23 2912 ,
114 2848 381 2903 -uunc-soloere
408 2849 496 2902 lenos.
532 2847 583 2900 525
608 2847 744 2916 profert
772 2848 848 2903 undo
874 2849 1022 2918 tepitque.
1062 2847 1114 2902 563
1140 2848 1250 2916 altoque

113 2952 188 2989 nunc
210 2939 346 3001 statuet,
367 2933 584 2988 nuno-moenia
604 2936 714 2988 certet.
751 2935 801 2988 775
826 2941 919 3005 pentes
944 2934 1092 3003 tollitque
1115 2933 1249 3003 premit·

114 3039 176 3090 que.
212 3022 263 3075 815
283 3021 360 3074 sedes
378 3019 765 3090 sapiendapeteudaque.
796 3020 1250 3091 V549oirqinis·rapitursine

114 3108 235 3176 funere
251 3106 363 3186 funus.

549 3195 822 3280 Apostrophe.

101 3363 103 3370 .
204 3314 412 3402 Apostrophe
430 3335 530 3400 saepe
546 3321 703 3401 usurpata
726 3321 865 3379 estnon
889 3316 993 3380 solum
1015 3315 1056 3379 ad
1079 3316 1249 3401 alloquen-

117 3419 178 3484 dos
211 3419 308 3500 deos,
347 3418 514 3500 homines,
552 3419 674 3500 sidera,
714 3418 772 3483 sed
810 3419 910 3484 etiam
942 3419 983 3483 ad
1016 3417 1248 3484 describendas

114 3527 279 3611 regiones,
303 3546 366 3606 res,
391 3525 496 3588 simm.

202 3628 310 3694 Deos
334 3628 510 3713 alloquitur
531 3634 646 3713 poete:

185 3733 252 3787 130
272 3733 319 3786 Tu
339 3732 469 3800 princeps
495 3737 646 3799 auctorque
673 3732 762 3797 socri,
786 3731 949 3800 Cyllenie,
973 3730 1075 3796 11111111
1094 3729 1121 3782 II
1138 3729 1190 3782 440
1208 3746 1247 3797 sq.

117 3818 269 3889 Cyllenie
290 3817 434 3882 Cancrum,
451 3815 609 3882 Iuppiter
629 3816 654 3867 et
672 3829 733 3868 cum
750 3817 836 3868 matre
854 3815 933 3868 deum
950 3815 1038 3880 repis
1056 3813 1114 3882 ipse
1131 3814 1250 3867 leonem

114 3904 200 3972 (repis
214 3902 272 3957 cod.
283 3902 313 3956 G.
326 3901 459 3969 exhibet).
472 3901 582 3969 1111943
595 3901 672 3955 Haec
691 3907 747 3955 tua
765 3902 863 3969 templo
875 3901 972 3970 ferunt
982 3902 1070 3965 Maio,
1091 3899 1248 3970 Cyllenie,

113 3993 186 4044 nate.
199 3992 210 4058 ll
226 3989 263 4043 1v
281 3988 331 4042 736
350 3989 410 4041 Nec
434 3992 475 4055 le,
494 3988 637 4054 Bacche,
653 3987 720 4054 pari
737 3988 880 4041 donantem
898 4004 1007 4042 neunere
1025 3993 1121 4040 terras.
1135 3985 1180 4052 117
1197 3985 1249 4038 238

115 4079 157 4132 Et
176 4084 216 4144 te,
234 4077 372 4138 Bacche,
390 4081 467 4129 tuos
487 4077 628 4128 nubentem
646 4074 739 4144 iunqet
757 4073 1248 4142 1111111111.11177551181111111·

114 4171 241 4235 pontus-
259 4171 303 4232 te,
321 4162 463 4227 Phoebe,
483 4163 579 4229 solitu
1047 4179 1049 4183 ,

203 4253 278 4317 Huc
302 4251 466 4317 referendi
490 4257 565 4315 sunt
589 4250 688 4314 etiam
704 4249 734 4316 ei
750 4270 876 4331 versus,
900 4249 934 4312 in
959 4248 1076 4335 quibus
1099 4246 1248 4312 Lunam

116 4358 292 4449 alloquitur
312 4362 425 4448 poeta:
